1989 3288
613 293 688 329 DE
729 291 920 329 PVERO
964 291 1110 331 IESV.
1777 283 1842 324 2.)

169 446 308 491 narn,
362 445 475 479 rem
512 428 732 490 seriam,
792 445 903 478 rem
943 427 1251 478 imitandam
1291 425 1551 479 docuerit.

172 522 322 579 Quid
378 523 599 574 autem?
669 522 836 592 quid?
909 523 1004 571 nisi
1055 533 1113 572 ut
1160 521 1552 591 grandescente

167 617 224 668 in
252 617 402 668 nobis
429 617 703 678 CHRISTQ
748 617 1184 686 quandoquidem
1216 631 1269 668 et
1308 618 1357 668 in
1400 618 1554 669 nobis

167 713 420 776 nascitur,
464 727 519 764 et
549 712 710 762 habet
737 731 855 762 suos
887 728 1100 763 aetatum
1133 713 1344 784 gradus,
1377 713 1552 765 donec

170 823 513 857 occurramus
554 808 604 856 in
645 807 811 858 virum
851 808 1174 876 perfectum,
1219 820 1273 858 et
1309 809 1358 857 in
1399 827 1551 861 men-

166 919 343 954 suram
389 901 740 970 plenitudinis
781 901 938 968 ejus?
1039 905 1180 972 Ergo
1224 922 1344 953 cum
1391 921 1548 973 gran-

165 997 338 1048 descit
375 998 423 1046 in
466 997 636 1059 nobis,
682 996 841 1045 docet
880 1010 935 1046 ut
976 999 1238 1049 naturales
1264 1017 1550 1068 parentum

164 1102 221 1140 et
261 1091 553 1141 amicorum
598 1088 821 1141 affectus
851 1092 900 1141 in
933 1093 1112 1143 DEUM
1146 1094 1546 1157 transferamus,

166 1184 298 1235 nibil
346 1184 435 1235 hic
487 1202 746 1248 amemus,
816 1186 948 1236 nihil
1001 1188 1271 1251 miremur,
1341 1189 1440 1239 nisi
1492 1189 1546 1240 in

165 1280 441 1340 CHRls'r0,
488 1291 543 1330 et
574 1282 877 1331 CHRISTUM
914 1282 968 1331 in
1006 1283 1266 1334 omnibus.
1353 1284 1548 1335 Memi-

163 1377 399 1428 nerimus
446 1394 541 1426 nos
583 1395 767 1428 verum
816 1377 1054 1441 Patrem,
1118 1380 1357 1446 patriam,
1417 1398 1549 1450 cog-

161 1482 333 1535 natos,
376 1473 574 1522 amicos
619 1473 821 1524 habere
865 1473 918 1521 in
959 1472 1127 1523 coelis.
1209 1476 1434 1538 Verum,
1479 1492 1549 1525 ne

162 1569 281 1638 quis
322 1567 649 1637 imaginetur
697 1569 837 1619 hunc
887 1582 1166 1636 parentum
1213 1570 1543 1639 neglectum,

158 1662 374 1727 fastum,
420 1675 510 1713 aut
536 1663 957 1714 inobedientiam
1003 1682 1213 1733 sapere,
1256 1666 1543 1734 consequi-

157 1768 261 1821 tur,
304 1769 359 1809 et
400 1771 512 1809 erat
552 1758 795 1810 subditus
836 1758 957 1810 illis.
1042 1761 1172 1822 Ιῐηὸ,
1222 1779 1380 1812 nemo
1423 1779 1545 1811 suos

156 1865 408 1922 parentes
449 1856 619 1905 verius
664 1868 821 1918 amat,
866 1873 1022 1905 nemo
1055 1856 1222 1925 magis
1269 1859 1357 1925 pie
1400 1856 1544 1920 colit,

156 1966 315 1999 nemo
341 1948 710 2000 observantius
741 1969 938 2001 rnorem
969 1953 1123 2022 gerit,
1156 1952 1313 2021 quarn
1345 1954 1437 2023 qui
1466 1953 1542 2004 sic

155 2045 467 2096 contemnit.
551 2045 699 2100 Quid
742 2058 918 2097 autern
959 2061 1039 2098 est
1076 2048 1263 2099 sedere
1293 2050 1342 2098 in
1374 2050 1543 2100 Tem·
1587 2057 1728 2095 Sedere
1748 2057 1787 2094 in

153 2138 267 2207 plo,
307 2140 403 2189 nisi
446 2139 497 2188 in
539 2139 696 2190 rebus
738 2142 898 2192 sacris
944 2145 1345 2212 conquiescere,
1391 2157 1445 2194 et
1474 2144 1538 2195 ad
1586 2111 1747 2160 templo.

152 2234 463 2286 discendum
510 2236 743 2285 animum
789 2236 854 2286 ab
904 2240 1150 2290 omnibus
1192 2240 1539 2311 tranquillum

153 2331 294 2382 curis
320 2330 564 2382 adferre?
648 2332 794 2381 Nihil
836 2347 1013 2385 autem
1057 2335 1193 2384 vitiis
1237 2347 1316 2385 est
1354 2335 1541 2386 turbu-

151 2424 371 2489 len'tiuS,
414 2437 468 2474 et
496 2426 661 2476 otium
706 2445 766 2476 ac
810 2430 1046 2497 quietern
1087 2443 1226 2480 arnat
1259 2431 1539 2498 sapientia.

152 2521 272 2572 Jam
320 2519 352 2571 ὲ,
393 2539 499 2589 quo
548 2522 764 2573 tandem
819 2542 913 2574 nos
961 2543 1243 2593 gravemur
1307 2525 1536 2587 discere,

153 2613 314 2684 quam
344 2626 570 2666 attentas
596 2635 749 2668 aures
777 2620 1249 2686 praeceptoribus*¹÷
1293 2620 1538 2688 praebere
1586 2632 1811 2722 Ιζὲεεεερὲο-

187 2711 1537 2718 ffl———ffl—
1584 2698 1612 2722 ¹⁴1
1648 2696 1692 2721 US
1713 2698 1735 2722 0
1767 2700 1806 2722 e·

503 2759 529 2788 ἧς
559 2763 793 2811 praeceptori
811 2762 985 2802 —Frob.
1005 2765 1116 2809 1540,
1136 2764 1192 2802 80.
1582 2739 1708 2776 diant-
