1989 3288
961 303 1177 340 CONCIO

383 442 639 494 foecundo
679 441 769 493 illo
821 460 917 493 suo
964 445 1167 511 Spiritu
1219 443 1428 515 linguas
1480 444 1765 496 infantium

382 537 619 590 reddidit
646 537 940 602 *disertaffi
983 538 1062 589 vel
1102 537 1474 589 &lactentium
1518 556 1610 589 ore
1653 538 1769 589 lau-

382 633 505 684 dem
527 632 825 684 absolutam
845 632 1164 701 depromere
1185 632 1396 684 solitus:
1429 646 1489 685 ut
1506 631 1767 703 quemad-

381 726 601 778 modum
631 728 803 778 omnis
823 743 1000 778 nostra
1018 728 1123 777 vita
1142 746 1248 778 non
1272 728 1434 778 alium
1459 728 1769 796 exprimere

383 822 569 886 debet,
615 823 773 892 quam
820 823 1017 891 ipsum,
1067 821 1135 874 de
1174 842 1281 892 quo
1327 821 1523 874 dicturi
1568 840 1770 885 sumus,

382 919 590 982 JESUM,
655 919 730 968 ita
787 928 844 969 et
887 918 1079 968 Oratio
1133 929 1315 968 nostra
1379 918 1530 968 illum
1580 917 1768 986 sapiat,

380 1010 531 1064 illum
556 1011 770 1075 referat,
815 1010 962 1063 illurn
991 1012 1178 1081 spiret,
1220 1014 1310 1083 qui
1349 1026 1404 1065 et
1436 1013 1660 1064 verbum
1688 1023 1770 1064 est

383 1109 574 1173 PatriS,
617 1125 671 1160 et.
697 1108 858 1160 verba
884 1108 1005 1158 vitaz
1034 1107 1174 1159 solus
1197 1107 1379 1172 habet,
1412 1105 1496 1177 cuj
1510 1126 1569 1158 us
1594 1124 1768 1158 sermo

381 1204 532 1254 vivus
560 1216 616 1255 et
644 1203 840 1255 efficax
870 1204 1240 1272 penetrantior
1269 1217 1348 1254 est
1375 1204 1561 1272 quovis
1588 1201 1767 1273 gladio

382 1298 622 1367 ancipiti,
691 1297 754 1347 ad
812 1297 1027 1348 intimos
1080 1299 1242 1349 etiam
1295 1298 1469 1350 cordis
1524 1317 1764 1350 recessus

379 1407 700 1462 penetrans:
752 1409 919 1463 utque
954 1394 1090 1462 ipse,
1136 1395 1203 1446 de
1248 1394 1403 1464 cujus
1444 1408 1630 1445 ventre
1664 1394 1765 1445 flu-

382 1490 523 1541 mina
544 1499 862 1558 promanant
885 1508 1037 1559 aquae
1066 1491 1218 1554 vivae,
1263 1510 1367 1542 non
1399 1503 1646 1562 gravetur
1670 1507 1766 1557 per

381 1604 642 1656 organum
684 1586 830 1637 vocis
874 1600 1065 1638 nostrae
1134 1585 1299 1638 veluti
1349 1605 1448 1656 per
1499 1584 1762 1648 canalem,

380 1681 434 1732 in
463 1682 698 1733 omnium
719 1691 952 1732 vestrum
975 1682 1178 1733 animos
1198 1682 1444 1747 influere,
1490 1680 1767 1750 multoque

382 1777 567 1846 gratiae
589 1775 822 1828 coelestis
845 1777 1062 1848 irrigare
1086 1795 1266 1828 succo.
1349 1777 1409 1828 Id
1430 1778 1502 1827 ita
1521 1776 1764 1828 futurum

379 1873 609 1938 confid0,
655 1873 1046 1925 commilitones
1088 1874 1196 1926 mei
1247 1872 1523 1937 carissimi,
1567 1872 1610 1922 si
1662 1871 1769 1940 piis

378 1970 517 2021 votis
543 1980 819 2040 purgatas,
863 1988 924 2021 ac
950 1988 1075 2022 vere
1103 1970 1342 2020 sitientes
1379 1985 1535 2019 aures
1569 1965 1766 2037 adjun-

379 2066 537 2135 getiS,
580 2083 668 2117 eas
711 2064 972 2118 videlicet
1015 2084 1188 2132 aureS‚
1230 2082 1361 2135 quas
1401 2076 1635 2116 aeternus
1672 2060 1765 2113 ille

381 2163 568 2213 Sermo
610 2161 890 2231 requirens
940 2162 993 2213 in
1042 2158 1353 2232 Evangelio,
1419 2159 1533 2216 Qui
1578 2158 1762 2223 habet,

377 2256 570 2326 inquit,
630 2274 784 2308 aures
839 2255 905 2307 ad
959 2255 1311 2319 audiendum,
1374 2253 1573 2306 audiat.
1652 2255 1766 2306 Nos

374 2351 535 2420 porro
572 2369 666 2402 cur
716 2370 823 2403 non
872 2351 1165 2403 audeamus
1205 2367 1319 2400 rem
1361 2348 1499 2400 hanc
1541 2348 1764 2401 arduam

375 2444 597 2516 quidem
624 2445 789 2511 illam,
817 2445 915 2498 sed
941 2457 1120 2498 tamen
1148 2446 1296 2515 piam
1323 2444 1580 2515 aggredi?
1624 2463 1765 2514 prae-

373 2541 557 2592 sertim
604 2542 723 2610 ipso
765 2540 1010 2611 adjutore
1051 2541 1204 2606 DEO,
1257 2541 1309 2591 in
1353 2559 1460 2611 quo
1501 2541 1605 2592 hoc
1638 2539 1762 2610 plus

372 2647 555 2704 potest
605 2635 842 2688 mortalis
895 2637 1195 2700 infirmitaS,
1261 2656 1368 2707 quo
1420 2639 1595 2688 minus
1652 2637 1759 2688 suis

521 2784 548 2811 ²¹²
579 2784 705 2823 reddit
717 2784 881 2824 -Frob.
903 2790 939 2823 et
959 2784 1063 2824 Cerv.
1086 2786 1201 2832 1519,
1224 2791 1259 2822 et
1279 2784 1388 2823 Frob.
1415 2784 1526 2828 1540,
1549 2783 1603 2820 8⁶.
