1989 3288
132 275 193 317 16

125 426 263 464 Pusilli

119 491 199 517 non
213 480 337 517 offen-

119 534 250 570 dendi.

1005 282 1221 320 CONCIO

427 421 678 484 Rursum,
722 420 882 490 quam
929 436 1171 473 amanter
1208 436 1263 473 et
1304 421 1473 473 illud?
1532 440 1654 472 cum
1701 434 1809 473 tam

425 515 659 585 graviter
686 514 924 567 deterret
953 517 1016 566 ab
1047 517 1386 567 offendendis
1415 516 1638 586 pusillis,
1665 516 1809 567 affir-

420 629 568 661 mans
609 612 780 680 magis
829 612 1107 680 expedire,
1162 626 1220 662 ut
1261 612 1445 662 molari
1495 630 1620 663 saxo
1669 611 1809 662 collo

418 705 636 777 alligato
665 725 908 775 praeceps
940 707 987 756 in
1028 725 1172 758 mare
1206 707 1366 759 detur
1394 707 1604 776 aliquis,
1644 706 1804 777 quam

417 816 475 853 ut
505 821 669 852 unum
698 802 996 871 quemlibet
1034 821 1101 853 ex
1143 803 1222 852 his
1265 801 1498 870 parvulis
1545 801 1804 853 offendat.

418 897 598 966 Atque
629 898 710 947 his
751 896 912 966 quam
950 897 1160 968 insigne
1201 897 1407 947 addidit
1449 897 1688 967 elogium
1739 896 1806 948 ad

414 1010 702 1060 puerorum
729 992 1257 1045 commendationem
1282 992 1290 1043 !
1335 994 1531 1056 Amen,
1568 993 1689 1044 dico
1713 1012 1805 1043 vo-

412 1086 513 1148 bis,
558 1087 753 1157 Angeli
786 1106 968 1138 eorum
1000 1107 1217 1158 semper
1246 1087 1433 1139 vident
1476 1088 1668 1139 faciem
1698 1089 1804 1138 Pa-

411 1183 520 1233 tris,
603 1183 817 1234 Gratias
855 1185 968 1253 agit
1011 1184 1108 1234 tibi
1156 1197 1296 1247 tuus,
1340 1183 1550 1252 tibique
1596 1181 1803 1233 dicatus

411 1295 567 1347 grex,
605 1280 748 1330 JEsU
798 1280 1128 1348 Praeceptor,
1183 1280 1270 1330 cui
1305 1297 1487 1348 quaeso
1536 1290 1594 1329 ut
1630 1297 1803 1329 sacras

412 1383 527 1423 tuas
555 1392 742 1424 manus
772 1392 985 1444 semper
1007 1374 1294 1424 admovere
1322 1373 1469 1437 velis,
1510 1388 1566 1423 et
1594 1374 1659 1424 ab
1685 1392 1799 1424 om·-

412 1467 468 1517 ni
497 1467 746 1518 scandalo
770 1468 956 1538 procul
977 1488 1174 1521 arceas,
1237 1468 1387 1526 Quid
1411 1468 1575 1520 illud?
1620 1487 1802 1521 nonne

414 1581 669 1634 magnum
691 1565 884 1615 amoris
908 1564 1182 1627 indicium,
1226 1548 1368 1626 cum,
1415 1583 1584 1633 puero
1608 1565 1659 1614 in
1684 1583 1801 1616 me-

410 1657 555 1709 dium
578 1659 772 1710 collato
787 1663 836 1724 *,
870 1659 1152 1730 discipulis
1179 1679 1300 1710 eum
1326 1659 1641 1727 exemplum
1669 1678 1798 1729 pro-

408 1753 599 1821 ponit?
643 1754 780 1818 Nisi,
838 1755 1111 1824 inquienS‚
1163 1755 1409 1806 conversi
1462 1755 1689 1815 fueritiS,
1745 1768 1801 1806 et

409 1846 717 1898 efficiamini
757 1849 893 1899 sicut
926 1849 1179 1917 parvulus
1217 1852 1338 1915 iste,
1384 1870 1487 1903 non
1532 1852 1800 1902 intrabitis

407 1943 462 1993 iu
506 1961 735 2013 regnum
782 1943 1059 1996 coelorum.
1137 1948 1220 1997 An
1260 1966 1366 1998 non
1420 1946 1613 1998 eodem
1668 1965 1796 2016 per-

407 2038 580 2089 tinet?
643 2058 765 2089 curn
820 2040 1127 2092 Nicodemo
1179 2042 1488 2106 sciscitanti,
1555 2060 1663 2112 qua
1712 2042 1798 2092 via

406 2136 573 2205 possit
601 2135 666 2187 ad
696 2137 857 2187 vitam
886 2136 1241 2188 immortalem
1269 2138 1601 2208 pertingere,
1633 2135 1796 2206 jubet

407 2244 466 2282 ut
487 2230 665 2282 denuo
693 2246 1023 2297 renascatur,
1065 2234 1167 2284 hoc
1207 2244 1307 2296 est,
1353 2235 1404 2283 in
1444 2252 1668 2301 puerum
1710 2251 1792 2284 re-

407 2325 543 2378 deat.
628 2328 814 2397 Usque
844 2327 979 2377 adeo
1021 2330 1282 2380 CHRISTO
1312 2327 1434 2379 duci
1466 2342 1648 2380 nostro
1674 2328 1792 2398 pla·

408 2423 522 2473 cuit
551 2422 793 2487 infantia,
838 2436 893 2473 ut
924 2442 1081 2476 senes
1109 2425 1268 2475 etiam
1310 2436 1470 2495 cogat
1509 2442 1788 2494 repueras—

406 2535 546 2582 cere,
589 2517 630 2568 si
677 2518 836 2568 modo
873 2517 1038 2569 velint
1081 2519 1193 2580 ad†
1222 2518 1363 2571 illius
1405 2519 1611 2572 admitti
1658 2538 1788 2571 con-

726 2665 752 2692 *
781 2664 974 2701 collocato
989 2662 1155 2702 —Fr0b.
1184 2664 1295 2708 1540,
1327 2665 1383 2700 80.

724 2744 755 2786 †
787 2737 1014 2777 in—Fsob.
1039 2744 1075 2776 et
1098 2736 1203 2775 Cerv.
1228 2738 1343 2774 1519.
