1989 3288
987 290 1205 328 CONCIO

389 423 482 483 tui,
514 421 833 489 resipiscunt
862 435 1192 490 peccatoreS,
1233 422 1470 492 denique
1508 437 1768 475 novantur

387 516 598 568 omnia?
661 517 806 575 Quid
837 518 1116 588 augustius
1143 535 1224 580 eo,
1251 536 1412 587 quem
1442 519 1771 570 admirantur

390 613 598 682 Superi,
640 627 875 665 tremunt
898 614 1084 679 Inferi,
1126 613 1332 664 medius
1355 613 1442 663 hic
1467 614 1610 664 orbis
1639 633 1767 683 sup-

386 706 517 776 plex
545 708 747 771 adorat,
792 709 855 758 ad
900 707 1050 777 cujus
1092 709 1550 776 comparationem
1578 710 1771 760 summi

389 803 568 874 Reges
599 804 728 854 nihil
765 803 906 854 aliud
939 805 1096 872 quam
1124 802 1447 854 vermiculos
1491 821 1608 855 esse
1653 822 1772 855 sese

387 899 712 949 confitentur
736 899 750 949 ἓ
834 899 978 955 Quid
1005 917 1070 951 eo
1094 899 1281 950 fortius
1309 914 1470 969 atque
1499 900 1770 963 invictius,

385 994 480 1066 qui
523 994 664 1045 solus
710 1006 934 1045 mortem
977 994 1094 1045 aliis
1136 995 1410 1057 invictam,
1469 1013 1563 1069 sua
1602 1006 1773 1045 morte

386 1089 604 1154 devicit,
650 1108 710 1140 ac
740 1090 949 1139 Satanae
978 1092 1315 1159 tyrannidem
1341 1092 1550 1142 coelesti
1574 1091 1773 1142 virtute

385 1185 668 1237 demolitus
703 1185 819 1236 est?
904 1186 1050 1242 Quid
1094 1187 1512 1255 triumphantius
1549 1205 1634 1250 eo,
1680 1186 1773 1256 qui

384 1280 663 1350 perfractis
685 1299 753 1335 ,ac
785 1281 1023 1348 spoliatis
1051 1281 1250 1344 inferis,
1295 1294 1374 1332 tot
1413 1283 1511 1349 piis
1547 1283 1776 1332 comita-

385 1388 469 1426 tus
496 1376 794 1439 animabuS,
837 1376 1009 1427 victor
1027 1376 1192 1428 coelos
1214 1378 1360 1441 adiit,
1404 1377 1592 1447 ibique
1622 1377 1776 1428 sedet

384 1469 451 1522 ad
473 1470 749 1523 dexteram
768 1472 878 1521 DEI
904 1472 1103 1522 Patris?
1175 1473 1321 1530 Quid
1344 1472 1434 1523 illo
1455 1473 1774 1541 sapientius,

386 1566 478 1636 qui
523 1579 629 1617 tam
675 1567 977 1617 admirabili
1022 1568 1227 1619 ratione
1272 1581 1467 1618 cuncta
1509 1565 1775 1632 condidit,

387 1673 446 1712 ut
471 1660 558 1712 vel
588 1663 638 1712 in
667 1662 896 1730 apiculis
934 1675 1012 1713 tot
1045 1675 1301 1733 tantaque
1339 1683 1449 1714 suae
1493 1664 1777 1732 sapientiae

388 1756 667 1827 reliquerit
696 1758 968 1823 miracula,
1013 1760 1216 1829 quique
1245 1774 1351 1808 tam
1381 1758 1651 1827 stupendo
1689 1775 1775 1810 re-

389 1871 507 1903 rum
540 1853 729 1905 ordine
763 1869 927 1924 atque
969 1855 1245 1907 harmonia
1285 1855 1470 1919 nectit,
1515 1854 1779 1917 continet,

391 1948 724 2002 administrat
751 1953 1011 2015 universa,
1045 1952 1231 2003 obiens
1251 1954 1446 2016 omnia,
1474 1969 1572 2002 nec
1597 1963 1776 2002 tamen

391 2046 421 2098 a
447 2046 624 2116 seipso
653 2047 958 2112 discedenS‚
1001 2048 1182 2099 omnia
1203 2066 1424 2098 movens
1451 2052 1565 2115 ipse
1585 2047 1776 2118 immo-—

392 2155 494 2206 tus,
537 2144 718 2194 omnia
750 2145 1069 2194 concutiens
1105 2145 1220 2211 ipse
1255 2141 1611 2211 tranquillus:
1652 2159 1778 2210 pos-

392 2250 562 2288 tremo
590 2238 641 2287 in
674 2257 780 2306 quo
800 2238 851 2288 id
875 2239 1018 2307 quod
1042 2238 1410 2289 stultissimum
1434 2251 1532 2299 est,
1563 2238 1777 2288 univer-

393 2352 502 2383 sam
545 2334 843 2383 mortalium
895 2336 1191 2402 Sophomm
1242 2333 1562 2401 sapientiam
1615 2332 1781 2403 longo

395 2440 615 2496 superat
660 2429 979 2479 intervallo?
1067 2428 1236 2497 Cujus
1264 2428 1429 2479 debet
1468 2430 1617 2479 nobis
1662 2447 1779 2481 esse

395 2525 604 2593 gravior
645 2526 954 2588 auctoritas,
999 2526 1159 2594 quam
1205 2523 1322 2594 ejus
1368 2525 1435 2576 de
1471 2543 1579 2594 quo
1620 2526 1783 2577 Pater

397 2619 509 2688 ipse
563 2618 736 2687 palam
795 2632 876 2671 est
932 2620 1283 2671 testificatus?
1330 2620 1434 2670 Hic
1483 2631 1566 2671 est
1615 2620 1779 2671 Filius

398 2733 548 2766 meus
575 2714 822 2779 dilectus,
864 2716 914 2765 in
945 2734 1051 2785 qno
1081 2715 1207 2765 mihi
1236 2714 1560 2784 complacui,
1605 2717 1778 2784 ipsum
