1989 3288
688 316 762 354 DE
805 315 996 353 PVERO
1037 314 1180 351 IESV.

237 466 333 517 per
377 447 556 499 omnia
603 444 858 516 aequalis?
958 445 1284 514 Quanquam
1330 440 1489 512 hujus
1534 441 1619 494 vel

237 542 472 594 humana
500 542 743 593 nativitas
773 559 951 592 nonne
975 540 1130 592 facile
1148 541 1364 610 Regum
1385 539 1620 590 omniun}

234 638 534 692 claritatem
553 639 952 690 obscuraverit?
995 638 1199 707 quippe
1223 637 1332 706 qui,
1364 648 1621 703 stupente

232 751 406 785 rerum
440 748 639 798 natura,
677 746 893 785 auctore
922 735 1100 798 Patre,
1145 732 1358 784 afflante
1398 732 1619 801 Spiritu,

229 831 474 898 pronubo
504 829 737 900 AngelO,
784 830 916 880 citra
948 829 1155 880 virilem
1175 846 1412 896 operam,
1457 828 1624 895 Virgo

230 923 300 977 de
330 925 558 996 Virgine
584 924 801 977 coelitus
824 925 1060 995 gravida,
1108 937 1261 975 natus
1286 936 1365 974 est
1388 923 1547 973 homo
1568 922 1620 972 in

232 1033 495 1089 tempore,
536 1032 592 1072 et
637 1039 840 1071 rursum
887 1022 958 1071 ita
1001 1032 1156 1070 natus
1184 1022 1308 1069 est*
1339 1017 1519 1077 homo,
1565 1028 1623 1067 ut

232 1133 411 1184 neque
458 1117 617 1167 DEUS
665 1134 782 1167 esse
829 1116 1119 1177 desineret,
1174 1131 1350 1182 neque
1389 1112 1622 1164 sordium

232 1222 527 1262 nostrarum
558 1212 847 1281 quicquam
880 1210 1098 1261 omnino
1127 1207 1484 1259 contraheret.

304 1308 425 1359 Jam
452 1325 579 1360 vero
607 1307 735 1377 quid
767 1325 831 1358 eo
861 1305 994 1376 fingi
1022 1318 1198 1375 potest
1233 1302 1482 1372 amplius,
1531 1302 1625 1372 qui

229 1400 436 1453 infusus
465 1420 561 1470 per
582 1402 781 1466 omnia,
813 1400 963 1452 nullo
985 1412 1166 1452 tamen
1189 1399 1310 1451 loco
1333 1399 1621 1461 cohibituS‚

231 1496 284 1547 in
310 1498 488 1566 seipso
516 1512 699 1549 manet
728 1499 1020 1550 immensus
1047 1496 1062 1546 ?
1144 1495 1291 1552 Quid
1322 1494 1411 1545 illo
1441 1494 1620 1555 ditius,

233 1593 327 1663 qui
368 1612 632 1645 summurn
678 1593 813 1644 illud
856 1607 937 1645 est
978 1593 1200 1655 bonum,
1257 1591 1287 1641 a
1329 1609 1435 1660 quo
1483 1590 1625 1641 bona

234 1699 555 1757 promanant
603 1690 800 1753 omnia,
863 1708 960 1741 nec
1007 1701 1184 1738 tamen
1234 1688 1349 1755 ipse
1397 1686 1623 1736 diminui

233 1783 447 1852 potest?
532 1784 678 1840 Quid
711 1784 966 1836 illustrius
1005 1803 1090 1847 eo,
1137 1783 1226 1852 qui
1255 1781 1516 1852 splendor
1543 1794 1625 1835 est

238 1879 482 1930 Paternae
508 1879 710 1949 gloriae,
738 1881 941 1950 quique
962 1878 1103 1929 solus
1126 1877 1391 1929 illuminat
1408 1897 1621 1930 omnem

234 1970 506 2025 hominem
526 1975 828 2027 venientem
854 1977 904 2026 in
928 1976 1072 2026 hunc
1095 1974 1351 2026 mundum
1376 1974 1391 2025 ?
1474 1974 1623 2031 Quid

236 2067 329 2120 illo
343 2071 639 2138 potentius,
666 2072 752 2121 cui
774 2072 934 2123 Pater
956 2071 1299 2140 omnipotens
1319 2072 1621 2123 universam

236 2163 460 2215 tradidit
486 2176 812 2236 potestatem
840 2168 888 2216 in
921 2166 1061 2218 coelo
1089 2178 1144 2218 et
1173 2167 1223 2217 in
1255 2167 1425 2218 terra?
1472 2167 1619 2225 Quid

238 2259 512 2312 efficacius
574 2281 658 2326 eo,
728 2266 820 2333 qui
873 2262 1104 2332 simplici
1179 2277 1308 2314 nutu
1383 2263 1624 2315 condidit

234 2355 498 2420 universa,
543 2356 606 2407 ad
639 2356 790 2428 cujus
819 2356 1031 2428 jussum
1060 2358 1261 2411 silescit
1288 2378 1452 2423 mare,
1499 2378 1621 2412 ver-

235 2460 420 2502 tuntur
446 2469 621 2502 rerum
658 2455 884 2522 specieS‚
926 2455 1145 2526 fugiunt
1195 2455 1379 2520 morbi,
1435 2456 1619 2508 conci-

235 2544 372 2596 dunt
428 2547 632 2610 armati,
699 2548 974 2615 pelluntur
1029 2553 1335 2615 Daemones,
1385 2552 1622 2603 serviunt

235 2639 524 2705 elementa,
569 2642 886 2694 scinduntur
909 2658 1094 2712 petrae,
1127 2648 1452 2698 reviviscunt
1481 2665 1622 2697 mor-

340 2785 366 2814 *
393 2785 635 2824 est—deest
653 2785 762 2825 Fsob.
787 2795 823 2825 et
846 2786 950 2826 Cerv.
976 2791 1088 2835 1519,
1118 2797 1153 2829 et
1173 2791 1284 2830 Frob.
1310 2794 1426 2839 1540,
1457 2795 1513 2832 80.
