1989 3288
136 287 202 331 26

1012 293 1228 330 CONCIO

425 435 693 498 convenit,
748 452 868 486 cum
915 436 1058 486 Puer
1098 433 1187 484 ille
1230 432 1479 497 coelestiS,
1535 435 1801 503 sapientia

423 529 536 579 DEI
577 528 766 593 Patris,
811 530 860 579 in
910 529 1089 580 medio
1126 529 1424 578 Doctorum
1462 528 1662 591 sedeat,
1706 548 1800 579 au-

425 621 574 674 diens
599 624 831 674 vicissim
872 642 933 674 ac
970 625 1320 692 respondenS,
1361 624 1449 674 sed
1478 625 1552 673 ita
1578 642 1800 692 respon-

426 719 576 785 dens,
607 735 664 771 ut
685 740 872 772 omnes
899 719 1015 790 ejus
1042 719 1362 788 sapientiam
1383 717 1794 770 admirarentur!

424 814 621 883 Neque
667 814 718 863 id
766 815 979 877 mirum,
1032 834 1154 865 cum
1206 816 1249 864 is
1301 825 1458 877 esset,
1523 813 1588 863 ad
1640 832 1803 883 quem

426 909 598 959 omnis
639 908 821 958 mundi
854 911 1115 977 sapientia
1157 908 1318 960 stulta
1353 920 1448 960 est.
1542 908 1806 960 Praeclara

423 1022 506 1055 res
554 1005 764 1074 Legum
810 1004 1123 1068 Prudentia,
1176 1006 1398 1075 egregia
1443 1022 1526 1056 res
1558 1004 1802 1055 Philoso-

422 1099 564 1168 phiae
590 1100 847 1169 cognitio,
879 1100 1219 1168 suspicienda
1239 1118 1320 1151 res
1338 1100 1656 1169 Theologiae
1683 1117 1806 1168 pro-

424 1192 606 1256 fessio,
670 1214 851 1245 verum
900 1196 942 1245 si
995 1196 1111 1264 quis
1155 1198 1343 1247 JESUM
1392 1195 1593 1260 audiat,
1654 1195 1804 1247 illico

425 1287 745 1339 stultescunt
789 1289 980 1340 omnia.
1075 1290 1148 1339 At
1193 1304 1369 1340 nostra
1411 1291 1708 1358 responsio,
1763 1290 1808 1340 si

425 1382 699 1450 sapientiae
765 1383 1084 1434 miraculum
1149 1385 1391 1436 excitare
1454 1404 1554 1435 non
1607 1397 1803 1454 potest,

427 1489 574 1529 certe
620 1479 790 1545 sapiat
834 1480 1166 1544 modestiam,
1225 1495 1378 1530 sonet
1424 1480 1803 1532 innocentiam.

425 1573 677 1635 Rursum,
703 1575 944 1639 obsecro,
975 1574 1133 1644 quam
1165 1575 1476 1645 morigeros,
1522 1575 1680 1645 quam
1709 1576 1805 1627 ob-

428 1684 718 1738 sequentes
758 1690 849 1721 nos
893 1690 1011 1722 esse
1049 1670 1210 1724 decet
1242 1671 1552 1740 parentibus
1581 1689 1642 1721 ac
1670 1689 1809 1739 prae-

429 1766 752 1833 ceptoribus,
808 1784 942 1835 quos
986 1768 1218 1835 potiores
1263 1767 1413 1818 velut
1459 1766 1665 1835 ingenii
1714 1784 1804 1833 pa-

428 1875 604 1911 rentes
658 1861 933 1924 habemuS,
997 1873 1347 1931 posteaquam
1400 1861 1490 1911 ille
1547 1861 1810 1911 Dominus

428 1956 688 2019 omnium,
721 1976 844 2007 cum
866 1956 1227 2026 aparentibus
1256 1976 1360 2008 non
1390 1956 1806 2026 intelligeretur,

431 2064 607 2102 tamen
663 2052 906 2103 subditus
957 2052 1062 2103 illis
1120 2050 1340 2103 redierit
1403 2051 1457 2100 in
1514 2050 1807 2101 Nazareth.

432 2146 679 2197 Debetur
708 2147 805 2197 lioc
836 2148 1043 2215 pietati,
1088 2147 1317 2198 debetur
1345 2156 1624 2213 parentum
1654 2163 1809 2196 reve-

429 2241 638 2305 rentiae,
682 2257 739 2291 ut
769 2242 1052 2310 aliquoties
1079 2241 1292 2292 illorum
1322 2239 1583 2290 voluntati
1611 2257 1805 2291 conce-

432 2333 636 2400 damus,
681 2337 890 2387 etiamsi
922 2356 1014 2387 nos
1043 2336 1266 2388 meliora
1294 2335 1598 2386 viderimus

509 2428 748 2498 Sedjam
787 2449 967 2499 operae
1008 2431 1239 2500 pretium
1279 2444 1359 2482 est
1399 2431 1606 2493 audire,
1650 2429 1808 2500 quarn

431 2535 556 2593 apto
593 2525 688 2575 fini
733 2527 902 2577 Lucas
934 2529 1075 2578 JESU
1121 2526 1410 2594 pueritiam
1453 2524 1809 2576 concluserit:

431 2621 499 2672 Et
526 2621 712 2686 JESUS,
740 2622 936 2692 inquit,
968 2622 1288 2691 proficiebat
1317 2621 1598 2690 sapientia,
1636 2632 1810 2684 aetate,

429 2727 484 2765 et
545 2717 715 2786 gratia
777 2717 920 2787 apud
983 2718 1178 2781 DEUM,
1249 2728 1304 2767 et
1352 2715 1496 2786 apud
1549 2716 1810 2768 homineS.
