1989 3288
620 287 694 324 DE
733 285 922 326 PVERO
964 285 1106 323 IESV.

149 427 500 496 assumpsisti,
564 438 626 479 ut
651 446 748 480 nos
773 429 827 479 in
855 442 962 479 tuae
991 426 1304 479 Divinitatis
1331 444 1549 479 consor-

154 525 291 575 tium
314 524 604 576 ascisceres
627 545 640 575 ;
670 538 906 576 nostrum
931 523 1074 574 hunc
1094 521 1280 573 limum
1302 521 1545 588 induisti,

152 629 213 670 ut
256 638 351 671 nos
397 619 810 672 immortalitatis
850 620 1020 691 gloria
1060 618 1320 670 vestires:
1370 631 1549 674 nostra

151 725 330 766 tectus
376 715 567 780 forma,
632 716 914 768 nobiscum
970 716 1021 765 in
1080 714 1182 764 hoc
1238 713 1548 766 calamitoso

150 809 354 862 mundo
379 810 685 880 complures
712 829 882 864 annos
909 826 1071 880 agere
1097 807 1332 873 voluisti,
1376 820 1436 860 ut
1460 808 1547 863 vel

149 906 227 957 sic
272 906 326 957 in
375 907 453 956 tui
499 923 714 974 raperes
760 924 1033 959 amorem:
1092 904 1268 956 nudus
1312 905 1364 955 in
1405 905 1546 958 hanc

147 998 348 1064 lucem,
379 1002 485 1053 imo
512 1016 727 1054 noctem
759 1001 1041 1065 emersisti,
1072 1001 1352 1052 nobiscum
1382 1014 1545 1070 atque

146 1093 285 1148 adeo
313 1115 408 1166 pro
439 1098 591 1150 nobis
613 1099 825 1169 vagisti‚
865 1097 1041 1161 sitisti,
1085 1095 1313 1160 esuristi,
1358 1096 1541 1162 alsisti‚

148 1192 402 1256 aestuasti,
435 1192 708 1257 laborasti,
739 1192 1034 1244 delassatus
1054 1211 1130 1255 es,
1162 1192 1378 1262 eguisti,
1407 1192 1543 1264 vigi-

146 1285 287 1350 lasti,
311 1284 603 1356 jejunasti:
649 1300 728 1339 tot
750 1287 899 1339 malis
922 1287 1114 1338 nostris
1132 1288 1404 1338 obnoxius
1425 1304 1543 1340 esse

146 1382 381 1448 voluisti,
428 1398 485 1435 ut
523 1403 618 1436 nos
656 1385 722 1435 ab
758 1382 1007 1435 omnibus
1044 1396 1330 1450 exemptos
1368 1382 1539 1448 malis,

145 1478 201 1529 in
245 1479 342 1542 tui,
388 1479 490 1531 hoc
537 1494 638 1544 est,
689 1481 883 1532 summi
930 1478 1059 1530 boni
1097 1480 1540 1533 communionem

146 1592 426 1626 assereres
509 1575 727 1628 Deinde
780 1594 879 1644 per
918 1593 1132 1626 omnem
1192 1576 1541 1629 sanctissimae

147 1670 269 1721 vitae
314 1682 419 1722 tuae
459 1672 672 1736 seriem,
725 1671 885 1742 quam
925 1670 1238 1722 efficacibus
1278 1672 1542 1741 exemplis

148 1765 355 1816 animos
389 1780 598 1818 nostros
631 1768 929 1819 inflammas
957 1765 966 1816 ἱ
1012 1766 1176 1836 quam
1220 1767 1541 1821 salutaribus

149 1864 440 1931 praeceptis
467 1864 665 1928 erudiS,
712 1883 773 1915 ac
803 1864 999 1916 formas
1023 1861 1033 1913 l
1078 1862 1237 1933 quam
1261 1865 1541 1934 stupendis

146 1957 417 2011 miraculis
444 1960 832 2030 expergefacis
855 1958 865 2009 ἱ
911 1961 1071 2029 quam
1094 1959 1307 2011 blandis
1329 1962 1541 2014 monitis

146 2053 310 2130 trahis
335 2052 345 2104 !
391 2056 550 2124 quam
582 2057 744 2106 certis
771 2056 1047 2126 promissis
1076 2055 1268 2107 invitas
1291 2054 1300 2107 !
1349 2073 1407 2108 ut
1432 2077 1537 2116 non

146 2148 213 2201 sit
235 2147 337 2198 alia
359 2150 693 2202 commodior
712 2152 796 2201 via
822 2151 885 2202 ad
917 2165 986 2214 te,
1017 2151 1121 2202 nisi
1150 2170 1249 2220 per
1269 2162 1322 2203 te
1342 2153 1536 2222 ipsum,

145 2243 240 2312 qui
262 2263 394 2296 unus
415 2264 471 2297 es
492 2247 592 2311 via,
622 2248 833 2311 veritaS,
866 2259 920 2298 et
938 2248 1059 2298 vita.
1143 2247 1250 2299 Sed
1270 2248 1409 2301 viam
1430 2268 1536 2302 non

146 2338 399 2391 indicasti
435 2343 614 2407 mode,
673 2361 853 2394 verum
883 2342 1045 2393 etiam
1081 2344 1360 2411 aperuisti,
1410 2344 1538 2398 dum

145 2453 242 2504 pro
270 2436 422 2487 nobis
451 2438 658 2501 vinciri,
690 2439 846 2502 trahi,
878 2438 1138 2502 damnari,
1171 2439 1348 2505 rideri,
1380 2441 1536 2506 caedi,

147 2531 394 2600 conspui,
440 2531 714 2601 vapulare,
760 2534 965 2603 probris
1011 2535 1168 2600 affici,
1220 2535 1442 2588 demum
1482 2539 1535 2590 in

148 2643 238 2676 ara
258 2626 434 2678 crucis
461 2645 635 2698 agnus
657 2628 771 2679 sine
794 2631 1006 2683 macula
1023 2630 1283 2683 immolari
1307 2632 1537 2698 voluisti,

152 2733 209 2772 ut
239 2739 330 2773 nos
361 2722 467 2772 tuis
495 2722 724 2775 vinculis
753 2723 1008 2791 solvereS,
1050 2726 1156 2778 tuis
1185 2746 1395 2780 sanares
1421 2730 1536 2781 vul-

1792 281 1843 324 ΙΙ

1586 1607 1668 1644 Nos
1682 1607 1836 1649 inflam-

1586 1663 1712 1701 mavit
1734 1666 1837 1703 mul·

1587 1716 1636 1753 tis
1654 1731 1772 1767 argu-

1586 1774 1742 1810 mentis.
