1989 3288
857 510 945 582 ΞΒ.
979 507 1082 582 ἐ.

757 623 792 666 E
800 621 931 681 forte
947 628 1078 681 putes
1094 619 1409 680 supervacanei
1427 631 1496 661 me
1517 617 1646 675 quid-

765 704 869 746 dam
906 701 1049 759 operis
1085 698 1381 756 insumpsisse,
1419 694 1496 753 qui
1519 708 1649 752 opus·

694 833 695 836 Ἴ
767 781 913 824 culum
940 778 1120 822 Erasmi
1145 778 1286 820 denuo
1319 775 1437 834 typis
1469 774 1652 816 commi-

648 860 664 876 ⁴”
711 890 725 909 1,
768 859 916 908 serim,
954 858 1000 900 id
1032 861 1074 900 te
1103 854 1321 898 monitum
1353 853 1501 904 velim,
1538 852 1655 910 quod

763 935 1158 994 praestantissimus
1204 933 1281 976 ille
1324 931 1654 976 Roterodamus

773 1013 1035 1057 Concionem
1067 1013 1180 1056 hanc
1215 1012 1260 1054 in
1299 1025 1426 1054 usum
1470 1008 1657 1052 celeber-

768 1092 892 1135 rimae
917 1089 1092 1134 Soliolce
1109 1092 1137 1134 ἀ
1159 1089 1326 1142 Coleto‚
1368 1087 1451 1131 sibi
1476 1087 1653 1130 amicis·

261 1170 389 1221 simo,
401 1166 633 1228 fundatae,
659 1168 799 1227 ipsius
820 1168 963 1212 Coleti
985 1172 1149 1227 rogatu
1171 1167 1406 1226 scripsit&
1467 1165 1656 1209 Gratam

264 1247 410 1305 igitur
431 1259 501 1289 me
515 1259 612 1288 rem
617 1243 855 1304 facturum
881 1245 1068 1307 confido,
1094 1260 1190 1289 cum
1214 1245 1425 1288 studiosis
1445 1244 1659 1296 omuibus,

268 1330 364 1368 tum
386 1324 441 1367 iis
471 1324 709 1381 proecipue,
745 1325 821 1381 qui
853 1338 904 1367 ex
933 1324 1016 1367 illa
1042 1323 1224 1376 Schola,
1252 1328 1469 1381 tanquam
1492 1320 1661 1382 efonte

262 1417 378 1462 puro
401 1407 443 1446 et
462 1402 666 1460 pere-nni,
706 1416 845 1459 aquas
879 1402 999 1445 vivas
1029 1403 1208 1444 sincerae
1232 1401 1526 1443 institutionis
1551 1400 1660 1444 hau-

265 1482 421 1533 serint,
444 1481 483 1524 si
507 1480 811 1541 beneficiorum
836 1480 938 1523 inde
967 1485 1246 1538 acceptorum
1271 1478 1392 1522 haud
1416 1479 1661 1529 immemor,

269 1572 449 1618 operam
473 1559 547 1611 do,
590 1566 639 1601 ut
665 1559 810 1601 oratio
836 1559 916 1601 illa
939 1573 1039 1602 vere
1062 1573 1216 1609 aurea,
1253 1571 1348 1615 quae
1378 1556 1551 1600 Scholce
1581 1555 1664 1599 Co-

271 1637 433 1687 letinae‚
483 1637 642 1679 nedum
691 1636 941 1680 Britannice
984 1642 1145 1679 nostrce
1189 1636 1418 1685 universoe,
1467 1633 1663 1677 maximo

271 1714 431 1758 honori
462 1718 543 1764 est,
580 1728 762 1773 quaeque
789 1715 833 1757 in
866 1714 1052 1774 infinitis
1061 1712 1168 1773 fere
1197 1713 1284 1756 viri
1315 1711 1665 1770 eloquentissimi

271 1791 472 1852 operibus
509 1792 916 1850 exemplaribusque
950 1792 1233 1851 perantiquis
1258 1789 1445 1843 latebat,
1480 1804 1666 1850 separa-

275 1871 356 1914 tim
380 1872 426 1915 in
451 1871 589 1914 lucem
619 1868 891 1930 proferatur.

405 1949 458 1993 In
495 1951 689 1993 editione
725 1949 808 1993 hac
847 1948 1151 2007 comparanda
1199 1960 1300 1990 usus
1349 1960 1445 1990 sum
1494 1944 1663 1989 duabus

273 2028 540 2073 editionibus
575 2027 857 2072 Frobenianis
895 2028 1002 2070 anni
1039 2040 1201 2070 MDXL.
1228 2039 1355 2083 quaS,
1391 2029 1440 2067 ut
1463 2025 1661 2075 videtur,

275 2121 314 2151 v.
343 2107 395 2151 cl.
420 2105 622 2151 Joannes
649 2105 845 2150 Clericus
880 2105 926 2147 in
962 2104 1156 2147 editione
1187 2103 1369 2148 Erasmi
1395 2104 1506 2162 Opp.
1534 2103 1663 2147 Omn.

275 2185 383 2229 anni
407 2198 625 2228 MDcctv.
650 2189 822 2227 secutus
847 2188 923 2226 est.
1002 2182 1099 2225 Has
1123 2182 1343 2226 editiones
1366 2195 1465 2225 cum
1499 2180 1667 2225 duabus

274 2262 496 2320 prioribus
518 2262 647 2316 (anni
668 2258 872 2315 MDxlx.)
897 2260 1134 2317 diligenter
1153 2260 1322 2304 contuli
1337 2277 1352 2310 ;
1381 2274 1478 2319 quoe
1495 2261 1534 2303 si
1557 2260 1666 2319 quid

278 2341 394 2384 inter
408 2354 453 2384 se
467 2341 730 2398 discrepent,
756 2340 803 2382 id
821 2338 880 2381 ad
901 2338 1064 2381 calcem
1081 2338 1259 2396 paginae
1278 2339 1445 2383 notavi.
1504 2338 1665 2382 Omnia

278 2418 482 2478 denique,
521 2419 662 2462 amice
689 2417 866 2468 Lector,
903 2416 1047 2459 nitide
1068 2420 1204 2474 atque
1227 2422 1438 2461 accurate
1461 2417 1542 2461 tibi
1564 2421 1669 2461 ante

279 2495 427 2539 oculos
452 2494 651 2539 exhibere
672 2500 855 2539 conatus
877 2507 988 2537 sum.
1063 2493 1184 2537 Vale.
1476 2494 1524 2539 S.
1546 2493 1600 2539 Β.

335 2634 362 2663 ⁷⁸⁵
394 2639 417 2654 ⁴⁴
440 2632 678 2669 concionem
709 2632 758 2669 de
789 2633 918 2668 Puero
946 2633 1041 2668 Jsssu
1079 2630 1231 2678 pridem
1262 2630 1494 2679 scripseram
1531 2636 1669 2676 rogatu

279 2691 303 2708 ‘⁴
325 2687 487 2724 Joannis
507 2685 677 2723 Coleti.”
737 2685 924 2721 Erasmus
944 2684 1085 2721 Joanni
1108 2684 1343 2728 Botzhemo,
1376 2682 1562 2727 Basileae,
1591 2688 1672 2720 ter-

280 2740 334 2776 tio
356 2740 445 2778 Kal.
471 2740 563 2777 Feb.
585 2751 692 2777 anno
713 2739 738 2776 ὲ
757 2737 910 2774 Christo
932 2741 1028 2774 nato
1048 2749 1214 2775 mnxxw.

759 2790 913 2828 Erasmi
933 2791 1039 2840 Opp.
1058 2791 1118 2828 ed.
1142 2790 1245 2829 Cler.
1265 2795 1361 2827 tom.
1386 2791 1415 2828 1.
1437 2790 1510 2827 sub
1534 2791 1616 2829 init.
