1989 3288
625 327 701 363 DE
744 326 938 364 PVERO
981 327 1124 364 IESV.
1835 321 1860 362 :3

182 467 367 520 nititur
410 466 628 528 viribuS‚
688 478 744 519 et
787 468 843 518 in
890 485 996 537 quo
1048 466 1245 518 Paulus
1294 466 1472 517 omnia
1512 484 1568 517 se

177 562 335 631 posse
365 561 639 633 gloriatur.

250 657 369 708 Jam
399 675 524 707 vero
554 675 677 707 cum
710 668 858 707 tanto
895 657 1070 708 studio
1109 657 1333 727 flagrent
1363 656 1445 707 isti
1476 657 1566 725 qui
1611 664 1748 701 Pueris
1770 677 1868 713 puer

184 753 493 814 mundanas,
540 755 637 804 lioc
665 764 763 816 est,
814 753 1109 804 Diabolicae
1141 752 1341 803 militiae
1370 751 1572 804 dedere
1610 719 1833 808 ἐξὶῗῑςιιιεωι

179 850 414 912 nomina,
484 860 542 899 ut
588 867 741 899 suum
794 848 996 918 quique
1063 849 1257 900 ducem
1322 848 1568 899 laudibus

178 945 405 995 vehant:
465 945 617 994 nobis
652 943 780 1013 quid
816 945 983 1011 priuS,
1024 958 1114 994 aut
1144 943 1420 1012 antiquius
1451 961 1570 994 esse

179 1037 365 1103 debet,
395 1038 551 1108 quam
579 1051 635 1090 ut
658 1041 1075 1108 Praeceptorem,
1108 1039 1422 1102 Vindicem,
1467 1041 1574 1089 Im-

177 1148 484 1204 peratorem
524 1148 762 1186 nostrum
808 1136 1020 1199 JESUM,
1065 1153 1125 1185 ac
1169 1134 1404 1185 eundem
1450 1136 1570 1203 qui-

180 1229 303 1282 dem
358 1230 617 1292 omnium,
676 1229 770 1280 sed
819 1243 996 1280 tamen
1052 1227 1402 1296 peculiariter
1449 1247 1572 1278 nos-

179 1336 339 1389 trum,
391 1324 445 1376 id
485 1338 585 1387 est,
626 1342 916 1393 puerorum
954 1325 1279 1392 Principem,
1328 1325 1571 1375 certatim

182 1421 286 1491 piis
315 1419 660 1472 celebremus
700 1419 1021 1488 praeconiis?
1104 1420 1266 1470 Hunc
1297 1420 1348 1469 in
1388 1410 1572 1488 primis

181 1538 513 1590 cognoscere
563 1519 890 1581 studeamus,
949 1516 1226 1587 cognitum
1273 1515 1569 1580 laudemus,

180 1614 455 1666 laudatum
500 1634 759 1677 amemus,
804 1627 1037 1666 amatum
1082 1614 1446 1682 exprimamus
1489 1627 1570 1665 at·

181 1729 287 1781 que
311 1711 603 1770 imitemur,
643 1711 917 1761 imitantes
937 1728 1004 1760 eo
1034 1711 1291 1772 fruamur,
1334 1709 1571 1761 fruentes

182 1805 467 1857 immortali
496 1806 759 1857 felicitate
786 1806 1066 1876 potiamur.

261 1900 367 1954 Sed
395 1902 448 1952 in
481 1914 587 1952 tam
620 1902 807 1966 ubere,
851 1914 1070 1969 tamque
1097 1899 1360 1950 immensa
1393 1917 1570 1951 rerum

182 1997 360 2066 copia,
410 1997 574 2060 unde,
618 2016 819 2067 quaeso,
861 1995 1094 2059 initium,
1148 2008 1240 2045 aut
1280 1995 1371 2046 ubi
1410 1995 1574 2047 finem

182 2099 364 2144 nostra
390 2094 622 2162 reperiet
649 2091 873 2144 Oratio?
918 2110 1040 2142 cum
1068 2092 1128 2154 is,
1174 2090 1242 2142 de
1280 2108 1388 2161 quo
1421 2089 1569 2159 loqui

181 2207 450 2258 paramus,
473 2189 589 2239 fons
612 2189 692 2254 sit,
719 2187 803 2239 vel
827 2190 907 2253 (nt
928 2189 1101 2238 verius
1120 2185 1314 2251 dicam)
1342 2188 1574 2238 oceanus

182 2282 446 2333 bonorum
477 2283 735 2334 omnium.
814 2285 1019 2334 Verum
1049 2297 1108 2333 ut
1135 2283 1251 2352 ipse
1278 2295 1464 2332 natura
1492 2282 1575 2332 in-

185 2379 610 2447 comprehensus
660 2392 715 2429 et
760 2379 1017 2442 infinitus,
1060 2393 1237 2429 tamen
1277 2396 1392 2429 sese
1430 2375 1577 2428 velut

183 2473 239 2524 i‘n
288 2486 492 2524 arctum
544 2475 787 2524 cohibuit
831 2476 1232 2544 contraxitque,
1290 2471 1476 2523 itidem
1522 2482 1577 2522 et

185 2572 371 2622 nostra
408 2570 596 2622 O'ratio
646 2571 698 2621 in
744 2567 1084 2638 explicandis
1135 2565 1253 2637 ejus
1300 2566 1569 2631 laudibus,

185 2670 308 2736 quae
326 2656 553 2717 modnm‘
573 2665 839 2731 nesciunt,
872 2664 1089 2716 modum
1119 2665 1297 2714 tar'nen
1329 2663 1445 2732 ipsa
1473 2663 1574 2713 sibi

186 2758 352 2811 faciat
377 2773 608 2829 oportet.
