1989 3288
54 317 123 363 14

46 575 176 613 Reda-

47 640 199 665 memus

45 684 191 720 JESUM.

933 319 1150 357 CONCIO

345 470 572 530 poterat.
654 458 711 508 Si
749 456 1108 509 mediocribus
1138 454 1329 506 officiis
1373 456 1617 508 homines
1661 456 1723 507 ad

346 554 631 607 amandum
673 553 942 604 hominem
981 550 1344 614 accendimur,
1397 551 1541 602 hune
1580 553 1726 603 Con-

348 651 596 713 ditorem,
647 648 958 708 Vindicem,
1013 647 1087 696 sic
1132 660 1419 710 amantem,
1479 647 1554 697 sic
1601 666 1729 717 pro-

351 746 616 808 meritum,
657 762 758 794 non
794 742 983 793 saltem
1018 740 1440 791 reclamabimus?
1486 743 1731 810 quando-

346 841 565 912 quidem
607 842 743 891 lianc
782 839 947 890 solam
985 837 1209 907 gratiam
1249 836 1339 888 ille
1382 834 1412 886 a
1454 838 1606 890 nobis
1647 856 1732 890 re-

348 939 542 1008 poscit,
575 956 732 1006 quam
755 952 931 985 tamen
958 935 1128 1004 ipsam
1152 935 1202 984 in
1234 947 1473 985 nostrum
1498 935 1738 986 refundit

347 1033 575 1085 lucrum.
658 1031 891 1082 Adamas
918 1031 1182 1098 sanguine
1212 1029 1475 1081 mollescit
1508 1032 1733 1087 hircino.

350 1129 581 1200 Aquilae,
624 1130 852 1191 Leones,
887 1126 1062 1188 pardi,
1106 1126 1421 1195 Delphines,
1460 1129 1738 1179 Dracones

351 1238 722 1297 agnoscuntac
740 1223 980 1275 referunt
995 1222 1348 1272 beneficium:
1375 1222 1734 1273 etoduritiam

351 1320 524 1372 cordis
548 1320 769 1369 humani
794 1318 913 1385 plus
933 1319 1090 1387 quam
1117 1317 1532 1382 adamantinam,
1564 1321 1603 1368 si
1629 1331 1738 1369 tam

351 1416 594 1467 inaudita
629 1416 851 1465 caritate
885 1432 986 1463 non
1023 1412 1278 1464 mitescit!
1327 1414 1358 1463 ὃ
1395 1414 1739 1484 ingratitudi-

353 1530 476 1563 nem
506 1511 625 1580 plus
659 1509 816 1579 quam
845 1508 1159 1571 belluinam,
1205 1510 1246 1559 si
1275 1524 1547 1560 tantorum
1575 1511 1738 1562 meri·

355 1621 527 1657 torum
567 1615 746 1673 potest
783 1603 1061 1655 oblivisci!
1120 1603 1152 1653 ὂ
1189 1605 1518 1673 singularem
1560 1607 1738 1676 impu-

354 1701 590 1752 dentiam
636 1699 811 1751 dicam
853 1717 918 1748 an
966 1700 1142 1768 potius
1188 1701 1538 1765 dementiam,
1583 1702 1623 1752 si
1663 1702 1739 1752 sic

358 1794 623 1858 conditus,
691 1796 766 1844 sic
845 1795 1141 1859 restitutus,
1213 1797 1288 1847 sic
1354 1796 1739 1866 locupletatus,

359 1903 506 1942 tanta
530 1891 752 1941 obrutus
779 1891 1164 1954 beneficentia,
1209 1891 1276 1943 ad
1316 1906 1490 1942 tantas
1522 1904 1744 1944 vocatus

359 2005 498 2057 speS,
553 1988 840 2057 quicquam
886 2004 1061 2037 amare
1101 1999 1300 2056 potest,
1359 1999 1552 2055 praeter
1593 1987 1742 2039 illum

361 2099 545 2145 unum,
590 2082 642 2132 in
683 2100 806 2151 quo,
851 2094 907 2132 et
942 2083 971 2133 a
1002 2101 1109 2151 quo
1142 2095 1267 2134 sunt
1295 2084 1494 2147 omnia,
1537 2084 1743 2154 quique

361 2179 512 2229 nobis
542 2177 722 2229 omnia
748 2196 932 2229 secum
967 2179 1219 2247 impertit.

434 2274 599 2325 Porro
635 2287 814 2325 autem
852 2278 1208 2343 quanquam&÷
1231 2274 1346 2324 haec
1379 2275 1568 2325 caritas
1608 2291 1749 2324 mor-

362 2369 493 2423 tales
554 2389 740 2421 omnes
801 2369 1200 2438 complectitur,
1275 2380 1453 2420 tamen
1514 2387 1608 2419 nos
1669 2368 1748 2419 illi

362 2465 716 2535 peculiariter
776 2466 1056 2527 debemUS‚
1131 2478 1423 2532 propterea
1487 2463 1632 2534 quod
1692 2465 1747 2514 in

365 2574 621 2624 nostrum,
662 2562 764 2612 hoc
796 2573 893 2625 est,
941 2576 1231 2629 puerorum
1272 2558 1516 2611 ordinem
1559 2559 1746 2628 singu-

420 2709 445 2738 >3
475 2711 559 2746 hae'c
577 2707 754 2745 mortalis
774 2708 900 2746 omnis
919 2706 1198 2757 complectitur
1210 2704 1369 2743 —Frob
1392 2712 1427 2742 el
1451 2704 1554 2742 Cen:
1581 2706 1691 2747 1519,
1715 2709 1749 2740 et

361 2780 469 2820 Frob.
496 2783 613 2829 1540,
643 2783 701 2818 80.
