<?xml version="1.0" encoding="UTF-8"?>
<!DOCTYPE html PUBLIC "-//W3C//DTD XHTML 1.0 Transitional//EN"
    "http://www.w3.org/TR/xhtml1/DTD/xhtml1-transitional.dtd">
<html xmlns="http://www.w3.org/1999/xhtml" xml:lang="en" lang="en">
 <head>
  <title>
</title>
<meta http-equiv="Content-Type" content="text/html;charset=utf-8" />
  <meta name='ocr-system' content='tesseract 3.04.00' />
  <meta name='ocr-capabilities' content='ocr_page ocr_carea ocr_par ocr_line ocrx_word'/>
</head>
<body>
  <div class='ocr_page' id='page_1' title='image "./conciodepuerojes00erasuoft_0016.png"; bbox 0 0 1989 3288; ppageno 0'>
   <div class='ocr_carea' id='block_1_1' title="bbox 108 300 133 340">
    <p class='ocr_par' dir='ltr' id='par_1_1' title="bbox 108 300 133 340">
     <span class='ocr_line' id='line_1_1' title="bbox 108 300 133 340; baseline 0 0"><span class='ocrx_word' id='word_1_1' title='bbox 108 300 133 340; x_wconf 74' lang='lat'>4</span> 
     </span>
    </p>
   </div>
   <div class='ocr_carea' id='block_1_2' title="bbox 105 464 346 780">
    <p class='ocr_par' dir='ltr' id='par_1_2' title="bbox 105 464 346 780">
     <span class='ocr_line' id='line_1_2' title="bbox 107 464 346 510; baseline 0.004 -9"><span class='ocrx_word' id='word_1_2' title='bbox 107 464 346 510; x_wconf 85' lang='lat' dir='ltr'>Admiratio‚</span> 
     </span>
     <span class='ocr_line' id='line_1_3' title="bbox 105 525 302 562; baseline -0.005 -7"><span class='ocrx_word' id='word_1_3' title='bbox 105 529 230 562; x_wconf 83' lang='lat' dir='ltr'>amor,</span> <span class='ocrx_word' id='word_1_4' title='bbox 261 525 302 554; x_wconf 88' lang='lat' dir='ltr'>et</span> 
     </span>
     <span class='ocr_line' id='line_1_4' title="bbox 105 571 328 619; baseline 0 -11"><span class='ocrx_word' id='word_1_5' title='bbox 105 571 328 619; x_wconf 79' lang='lat' dir='ltr'>praemimn,</span> 
     </span>
     <span class='ocr_line' id='line_1_5' title="bbox 105 624 343 662; baseline 0 -1"><span class='ocrx_word' id='word_1_6' title='bbox 105 624 273 661; x_wconf 86' lang='lat' dir='ltr'>invitant</span> <span class='ocrx_word' id='word_1_7' title='bbox 293 624 343 662; x_wconf 88' lang='lat' dir='ltr'>ad</span> 
     </span>
     <span class='ocr_line' id='line_1_6' title="bbox 106 679 287 725; baseline 0.006 -11"><span class='ocrx_word' id='word_1_8' title='bbox 106 679 287 725; x_wconf 81' lang='lat' dir='ltr'>guaviter</span> 
     </span>
     <span class='ocr_line' id='line_1_7' title="bbox 110 733 323 780; baseline 0 -12"><span class='ocrx_word' id='word_1_9' title='bbox 110 733 323 780; x_wconf 85' lang='lat' dir='ltr'>agendum.</span> 
     </span>
    </p>
   </div>
   <div class='ocr_carea' id='block_1_3' title="bbox 114 2267 319 2414">
    <p class='ocr_par' dir='ltr' id='par_1_3' title="bbox 114 2267 319 2414">
     <span class='ocr_line' id='line_1_8' title="bbox 115 2267 319 2306; baseline -0.01 0"><span class='ocrx_word' id='word_1_10' title='bbox 115 2267 319 2306; x_wconf 76' lang='lat' dir='ltr'>Claritudo</span> 
     </span>
     <span class='ocr_line' id='line_1_9' title="bbox 114 2321 310 2359; baseline 0 -1"><span class='ocrx_word' id='word_1_11' title='bbox 114 2321 310 2359; x_wconf 79' lang='lat' dir='ltr'>natalium</span> 
     </span>
     <span class='ocr_line' id='line_1_10' title="bbox 115 2376 301 2414; baseline 0 0"><span class='ocrx_word' id='word_1_12' title='bbox 115 2376 301 2414; x_wconf 71' lang='lat' dir='ltr'>Canis-ri.</span> 
     </span>
    </p>
   </div>
   <div class='ocr_carea' id='block_1_4' title="bbox 981 310 1202 350">
    <p class='ocr_par' dir='ltr' id='par_1_4' title="bbox 981 310 1202 350">
     <span class='ocr_line' id='line_1_11' title="bbox 981 310 1202 350; baseline 0.018 -4"><span class='ocrx_word' id='word_1_13' title='bbox 981 310 1202 350; x_wconf 90' lang='lat' dir='ltr'>CONCIO</span> 
     </span>
    </p>
   </div>
   <div class='ocr_carea' id='block_1_5' title="bbox 400 447 1802 2713">
    <p class='ocr_par' dir='ltr' id='par_1_5' title="bbox 400 447 1791 1472">
     <span class='ocr_line' id='line_1_12' title="bbox 480 447 1783 519; baseline 0.004 -22"><span class='ocrx_word' id='word_1_14' title='bbox 480 447 744 516; x_wconf 84' lang='lat' dir='ltr'>Equidem</span> <span class='ocrx_word' id='word_1_15' title='bbox 782 449 883 499; x_wconf 87' lang='lat' dir='ltr'>tria</span> <span class='ocrx_word' id='word_1_16' title='bbox 924 450 1257 519; x_wconf 85' lang='lat' dir='ltr'>potissimum</span> <span class='ocrx_word' id='word_1_17' title='bbox 1295 466 1410 501; x_wconf 88' lang='lat' dir='ltr'>esse</span> <span class='ocrx_word' id='word_1_18' title='bbox 1446 448 1620 514; x_wconf 86' lang='lat' dir='ltr'>vide0‚</span> <span class='ocrx_word' id='word_1_19' title='bbox 1666 468 1783 519; x_wconf 78' lang='lat' dir='ltr'>quae</span> 
     </span>
     <span class='ocr_line' id='line_1_13' title="bbox 404 541 1789 612; baseline 0.002 -21"><span class='ocrx_word' id='word_1_20' title='bbox 404 541 491 592; x_wconf 92' lang='lat' dir='ltr'>vel</span> <span class='ocrx_word' id='word_1_21' title='bbox 529 541 927 612; x_wconf 88' lang='lat' dir='ltr'>discipulorum,</span> <span class='ocrx_word' id='word_1_22' title='bbox 970 545 1055 597; x_wconf 84' lang='lat' dir='ltr'>vel</span> <span class='ocrx_word' id='word_1_23' title='bbox 1098 544 1330 595; x_wconf 88' lang='lat' dir='ltr'>militum</span> <span class='ocrx_word' id='word_1_24' title='bbox 1369 543 1571 594; x_wconf 88' lang='lat' dir='ltr'>animos</span> <span class='ocrx_word' id='word_1_25' title='bbox 1611 543 1789 595; x_wconf 90' lang='lat' dir='ltr'>solent</span> 
     </span>
     <span class='ocr_line' id='line_1_14' title="bbox 402 636 1790 711; baseline 0.003 -25"><span class='ocrx_word' id='word_1_26' title='bbox 402 636 468 686; x_wconf 86' lang='lat' dir='ltr'>ad</span> <span class='ocrx_word' id='word_1_27' title='bbox 519 641 763 708; x_wconf 83' lang='lat' dir='ltr'>gnaviter</span> <span class='ocrx_word' id='word_1_28' title='bbox 812 640 1082 711; x_wconf 84' lang='lat' dir='ltr'>agendum</span> <span class='ocrx_word' id='word_1_29' title='bbox 1129 639 1492 690; x_wconf 86' lang='lat' dir='ltr'>inflammare:</span> <span class='ocrx_word' id='word_1_30' title='bbox 1555 657 1619 689; x_wconf 90' lang='lat' dir='ltr'>ea</span> <span class='ocrx_word' id='word_1_31' title='bbox 1667 653 1790 690; x_wconf 86' lang='lat' dir='ltr'>sunt</span> 
     </span>
     <span class='ocr_line' id='line_1_15' title="bbox 402 730 1788 804; baseline 0.003 -22"><span class='ocrx_word' id='word_1_32' title='bbox 402 730 554 784; x_wconf 87' lang='lat' dir='ltr'>ducis</span> <span class='ocrx_word' id='word_1_33' title='bbox 588 734 886 799; x_wconf 85' lang='lat' dir='ltr'>admiratio,</span> <span class='ocrx_word' id='word_1_34' title='bbox 928 756 1092 800; x_wconf 82' lang='lat' dir='ltr'>amor,</span> <span class='ocrx_word' id='word_1_35' title='bbox 1133 748 1189 787; x_wconf 87' lang='lat' dir='ltr'>et</span> <span class='ocrx_word' id='word_1_36' title='bbox 1220 737 1515 803; x_wconf 68' lang='lat' dir='ltr'>praemium⁴</span> <span class='ocrx_word' id='word_1_37' title='bbox 1599 738 1788 804; x_wconf 87' lang='lat' dir='ltr'>Itaque</span> 
     </span>
     <span class='ocr_line' id='line_1_16' title="bbox 400 830 1788 898; baseline 0.004 -21"><span class='ocrx_word' id='word_1_38' title='bbox 400 846 507 896; x_wconf 90' lang='lat' dir='ltr'>quo</span> <span class='ocrx_word' id='word_1_39' title='bbox 540 830 869 898; x_wconf 83' lang='lat' dir='ltr'>Praeceptori</span> <span class='ocrx_word' id='word_1_40' title='bbox 900 843 1078 881; x_wconf 88' lang='lat' dir='ltr'>nostro</span> <span class='ocrx_word' id='word_1_41' title='bbox 1107 849 1168 881; x_wconf 88' lang='lat' dir='ltr'>ac</span> <span class='ocrx_word' id='word_1_42' title='bbox 1207 832 1350 882; x_wconf 92' lang='lat' dir='ltr'>Duci</span> <span class='ocrx_word' id='word_1_43' title='bbox 1371 836 1404 867; x_wconf 30' lang='grc' dir='ltr'><em>ἦ</em></span> <span class='ocrx_word' id='word_1_44' title='bbox 1431 833 1570 883; x_wconf 84' lang='lat' dir='ltr'>JESU</span> <span class='ocrx_word' id='word_1_45' title='bbox 1599 830 1788 882; x_wconf 87' lang='lat' dir='ltr'>studiis</span> 
     </span>
     <span class='ocr_line' id='line_1_17' title="bbox 401 920 1788 997; baseline 0.005 -27"><span class='ocrx_word' id='word_1_46' title='bbox 401 920 747 974; x_wconf 77' lang='lat' dir='ltr'>alacrioribus</span> <span class='ocrx_word' id='word_1_47' title='bbox 808 943 1108 993; x_wconf 87' lang='lat' dir='ltr'>pareamus,</span> <span class='ocrx_word' id='word_1_48' title='bbox 1173 927 1410 997; x_wconf 80' lang='lat' dir='ltr'>agedum</span> <span class='ocrx_word' id='word_1_49' title='bbox 1477 926 1788 996; x_wconf 85' lang='lat' dir='ltr'>singulatim</span> 
     </span>
     <span class='ocr_line' id='line_1_18' title="bbox 402 1017 1787 1090; baseline 0.004 -23"><span class='ocrx_word' id='word_1_50' title='bbox 402 1017 517 1068; x_wconf 78' lang='lat' dir='ltr'>haec</span> <span class='ocrx_word' id='word_1_51' title='bbox 583 1018 637 1069; x_wconf 89' lang='lat' dir='ltr'>in</span> <span class='ocrx_word' id='word_1_52' title='bbox 694 1038 758 1070; x_wconf 91' lang='lat' dir='ltr'>eo</span> <span class='ocrx_word' id='word_1_53' title='bbox 820 1022 912 1090; x_wconf 88' lang='lat' dir='ltr'>pia</span> <span class='ocrx_word' id='word_1_54' title='bbox 974 1024 1285 1073; x_wconf 81' lang='lat' dir='ltr'>curiositate</span> <span class='ocrx_word' id='word_1_55' title='bbox 1354 1021 1787 1073; x_wconf 81' lang='lat' dir='ltr'>consideremus:</span> 
     </span>
     <span class='ocr_line' id='line_1_19' title="bbox 401 1113 1786 1186; baseline 0.004 -23"><span class='ocrx_word' id='word_1_56' title='bbox 401 1114 578 1164; x_wconf 89' lang='lat' dir='ltr'>Primo</span> <span class='ocrx_word' id='word_1_57' title='bbox 617 1113 735 1166; x_wconf 91' lang='lat' dir='ltr'>loco</span> <span class='ocrx_word' id='word_1_58' title='bbox 779 1119 938 1186; x_wconf 71' lang='lat' dir='ltr'>quam</span> <span class='ocrx_word' id='word_1_59' title='bbox 989 1118 1057 1168; x_wconf 90' lang='lat' dir='ltr'>sit</span> <span class='ocrx_word' id='word_1_60' title='bbox 1103 1118 1479 1186; x_wconf 87' lang='lat' dir='ltr'>suspiciendus</span> <span class='ocrx_word' id='word_1_61' title='bbox 1524 1115 1786 1186; x_wconf 86' lang='lat' dir='ltr'>undique,</span> 
     </span>
     <span class='ocr_line' id='line_1_20' title="bbox 400 1211 1789 1283; baseline 0.003 -24"><span class='ocrx_word' id='word_1_62' title='bbox 400 1229 459 1260; x_wconf 85' lang='lat' dir='ltr'>ac</span> <span class='ocrx_word' id='word_1_63' title='bbox 513 1211 851 1280; x_wconf 87' lang='lat' dir='ltr'>stupendus:</span> <span class='ocrx_word' id='word_1_64' title='bbox 915 1213 1112 1264; x_wconf 87' lang='lat' dir='ltr'>deinde</span> <span class='ocrx_word' id='word_1_65' title='bbox 1165 1228 1500 1283; x_wconf 85' lang='lat' dir='ltr'>quantopere</span> <span class='ocrx_word' id='word_1_66' title='bbox 1558 1213 1789 1283; x_wconf 85' lang='lat' dir='ltr'>diligen·</span> 
     </span>
     <span class='ocr_line' id='line_1_21' title="bbox 402 1305 1791 1378; baseline 0.002 -23"><span class='ocrx_word' id='word_1_67' title='bbox 402 1305 518 1369; x_wconf 88' lang='lat' dir='ltr'>dus,</span> <span class='ocrx_word' id='word_1_68' title='bbox 571 1318 733 1376; x_wconf 88' lang='lat' dir='ltr'>atque</span> <span class='ocrx_word' id='word_1_69' title='bbox 762 1308 828 1358; x_wconf 90' lang='lat' dir='ltr'>ob</span> <span class='ocrx_word' id='word_1_70' title='bbox 857 1308 910 1359; x_wconf 83' lang='lat' dir='ltr'>id</span> <span class='ocrx_word' id='word_1_71' title='bbox 941 1309 1255 1361; x_wconf 86' lang='lat' dir='ltr'>imitandus:</span> <span class='ocrx_word' id='word_1_72' title='bbox 1318 1323 1594 1377; x_wconf 86' lang='lat' dir='ltr'>postremo</span> <span class='ocrx_word' id='word_1_73' title='bbox 1632 1308 1791 1378; x_wconf 76' lang='lat' dir='ltr'>quam</span> 
     </span>
     <span class='ocr_line' id='line_1_22' title="bbox 401 1401 1176 1472; baseline 0.006 -21"><span class='ocrx_word' id='word_1_74' title='bbox 401 1402 592 1472; x_wconf 80' lang='lat' dir='ltr'>ingens</span> <span class='ocrx_word' id='word_1_75' title='bbox 623 1401 926 1455; x_wconf 83' lang='lat' dir='ltr'>dilectionis</span> <span class='ocrx_word' id='word_1_76' title='bbox 956 1404 1176 1456; x_wconf 85' lang='lat' dir='ltr'>fructuS.</span> 
     </span>
    </p>

    <p class='ocr_par' dir='ltr' id='par_1_6' title="bbox 403 1495 1799 2220">
     <span class='ocr_line' id='line_1_23' title="bbox 481 1495 1795 1567; baseline 0.001 -21"><span class='ocrx_word' id='word_1_77' title='bbox 481 1497 559 1547; x_wconf 87' lang='lat' dir='ltr'>Ac</span> <span class='ocrx_word' id='word_1_78' title='bbox 591 1517 701 1548; x_wconf 87' lang='lat' dir='ltr'>mos</span> <span class='ocrx_word' id='word_1_79' title='bbox 731 1500 949 1567; x_wconf 86' lang='lat' dir='ltr'>quidem</span> <span class='ocrx_word' id='word_1_80' title='bbox 971 1514 1052 1552; x_wconf 88' lang='lat' dir='ltr'>est</span> <span class='ocrx_word' id='word_1_81' title='bbox 1077 1498 1345 1550; x_wconf 80' lang='lat' dir='ltr'>rhetorum</span> <span class='ocrx_word' id='word_1_82' title='bbox 1372 1499 1422 1548; x_wconf 86' lang='lat' dir='ltr'>in</span> <span class='ocrx_word' id='word_1_83' title='bbox 1443 1497 1546 1548; x_wconf 80' lang='lat' dir='ltr'>hoc</span> <span class='ocrx_word' id='word_1_84' title='bbox 1571 1495 1795 1548; x_wconf 84' lang='lat' dir='ltr'>dicendi</span> 
     </span>
     <span class='ocr_line' id='line_1_24' title="bbox 403 1592 1790 1662; baseline -0.001 -20"><span class='ocrx_word' id='word_1_85' title='bbox 403 1611 605 1661; x_wconf 77' lang='lat' dir='ltr'>genere</span> <span class='ocrx_word' id='word_1_86' title='bbox 633 1592 917 1647; x_wconf 83' lang='lat' dir='ltr'>illustrium</span> <span class='ocrx_word' id='word_1_87' title='bbox 953 1596 1268 1662; x_wconf 85' lang='lat' dir='ltr'>Principum</span> <span class='ocrx_word' id='word_1_88' title='bbox 1305 1592 1566 1643; x_wconf 82' lang='lat' dir='ltr'>adbibere</span> <span class='ocrx_word' id='word_1_89' title='bbox 1602 1609 1790 1642; x_wconf 85' lang='lat' dir='ltr'>exem-</span> 
     </span>
     <span class='ocr_line' id='line_1_25' title="bbox 403 1686 1791 1761; baseline -0.001 -24"><span class='ocrx_word' id='word_1_90' title='bbox 403 1687 509 1756; x_wconf 86' lang='lat' dir='ltr'>pla,</span> <span class='ocrx_word' id='word_1_91' title='bbox 549 1687 820 1753; x_wconf 84' lang='lat' dir='ltr'>videlicet,</span> <span class='ocrx_word' id='word_1_92' title='bbox 861 1710 969 1761; x_wconf 87' lang='lat' dir='ltr'>quo</span> <span class='ocrx_word' id='word_1_93' title='bbox 997 1690 1288 1743; x_wconf 83' lang='lat' dir='ltr'>collatione</span> <span class='ocrx_word' id='word_1_94' title='bbox 1320 1700 1530 1739; x_wconf 87' lang='lat' dir='ltr'>crescat</span> <span class='ocrx_word' id='word_1_95' title='bbox 1557 1686 1600 1736; x_wconf 89' lang='lat' dir='ltr'>is</span> <span class='ocrx_word' id='word_1_96' title='bbox 1629 1703 1791 1755; x_wconf 89' lang='lat' dir='ltr'>quem</span> 
     </span>
     <span class='ocr_line' id='line_1_26' title="bbox 403 1783 1797 1850; baseline -0.001 -16"><span class='ocrx_word' id='word_1_97' title='bbox 403 1799 666 1837; x_wconf 88' lang='lat' dir='ltr'>conantur</span> <span class='ocrx_word' id='word_1_98' title='bbox 688 1785 938 1837; x_wconf 84' lang='lat' dir='ltr'>laudibus</span> <span class='ocrx_word' id='word_1_99' title='bbox 968 1784 1229 1837; x_wconf 83' lang='lat' dir='ltr'>attollere.</span> <span class='ocrx_word' id='word_1_100' title='bbox 1274 1786 1478 1834; x_wconf 89' lang='lat' dir='ltr'>Verum</span> <span class='ocrx_word' id='word_1_101' title='bbox 1497 1783 1797 1850; x_wconf 88' lang='lat' dir='ltr'>Imperator</span> 
     </span>
     <span class='ocr_line' id='line_1_27' title="bbox 405 1876 1795 1954; baseline -0.006 -18"><span class='ocrx_word' id='word_1_102' title='bbox 405 1896 584 1936; x_wconf 85' lang='lat' dir='ltr'>noster</span> <span class='ocrx_word' id='word_1_103' title='bbox 616 1903 785 1954; x_wconf 88' lang='lat' dir='ltr'>usque</span> <span class='ocrx_word' id='word_1_104' title='bbox 821 1883 954 1934; x_wconf 88' lang='lat' dir='ltr'>adeo</span> <span class='ocrx_word' id='word_1_105' title='bbox 990 1893 1210 1950; x_wconf 84' lang='lat' dir='ltr'>superat</span> <span class='ocrx_word' id='word_1_106' title='bbox 1251 1897 1413 1930; x_wconf 89' lang='lat' dir='ltr'>omne</span> <span class='ocrx_word' id='word_1_107' title='bbox 1455 1876 1795 1930; x_wconf 88' lang='lat' dir='ltr'>celsitudinis</span> 
     </span>
     <span class='ocr_line' id='line_1_28' title="bbox 404 1974 1799 2049; baseline -0.005 -18"><span class='ocrx_word' id='word_1_108' title='bbox 404 1979 651 2032; x_wconf 85' lang='lat' dir='ltr'>humanae</span> <span class='ocrx_word' id='word_1_109' title='bbox 697 1978 990 2049; x_wconf 79' lang='lat' dir='ltr'>fastigium,</span> <span class='ocrx_word' id='word_1_110' title='bbox 1048 1993 1106 2028; x_wconf 86' lang='lat' dir='ltr'>ut</span> <span class='ocrx_word' id='word_1_111' title='bbox 1151 1976 1409 2046; x_wconf 89' lang='lat' dir='ltr'>quicquid</span> <span class='ocrx_word' id='word_1_112' title='bbox 1456 1974 1799 2045; x_wconf 88' lang='lat' dir='ltr'>quantumvis</span> 
     </span>
     <span class='ocr_line' id='line_1_29' title="bbox 407 2070 1795 2147; baseline -0.005 -21"><span class='ocrx_word' id='word_1_113' title='bbox 407 2076 688 2147; x_wconf 84' lang='lat' dir='ltr'>egregium</span> <span class='ocrx_word' id='word_1_114' title='bbox 710 2073 1038 2137; x_wconf 83' lang='lat' dir='ltr'>adhibueriS‚</span> <span class='ocrx_word' id='word_1_115' title='bbox 1066 2072 1318 2124; x_wconf 84' lang='lat' dir='ltr'>tenebras</span> <span class='ocrx_word' id='word_1_116' title='bbox 1339 2070 1657 2135; x_wconf 83' lang='lat' dir='ltr'>admoveriS‚</span> <span class='ocrx_word' id='word_1_117' title='bbox 1686 2086 1795 2120; x_wconf 87' lang='lat' dir='ltr'>non</span> 
     </span>
     <span class='ocr_line' id='line_1_30' title="bbox 408 2169 603 2220; baseline 0 0"><span class='ocrx_word' id='word_1_118' title='bbox 408 2169 603 2220; x_wconf 86' lang='lat' dir='ltr'>lucem.</span> 
     </span>
    </p>

    <p class='ocr_par' dir='ltr' id='par_1_7' title="bbox 409 2256 1802 2713">
     <span class='ocr_line' id='line_1_31' title="bbox 486 2256 1802 2334; baseline -0.005 -19"><span class='ocrx_word' id='word_1_119' title='bbox 486 2263 655 2334; x_wconf 90' lang='lat' dir='ltr'>Cujus</span> <span class='ocrx_word' id='word_1_120' title='bbox 683 2263 826 2314; x_wconf 89' lang='lat' dir='ltr'>enim</span> <span class='ocrx_word' id='word_1_121' title='bbox 858 2262 1121 2332; x_wconf 87' lang='lat' dir='ltr'>imagines</span> <span class='ocrx_word' id='word_1_122' title='bbox 1155 2280 1216 2314; x_wconf 90' lang='lat' dir='ltr'>ac</span> <span class='ocrx_word' id='word_1_123' title='bbox 1255 2261 1514 2312; x_wconf 87' lang='lat' dir='ltr'>natalium</span> <span class='ocrx_word' id='word_1_124' title='bbox 1548 2256 1802 2328; x_wconf 90' lang='lat' dir='ltr'>splendor</span> 
     </span>
     <span class='ocr_line' id='line_1_32' title="bbox 412 2356 1797 2420; baseline -0.005 -8"><span class='ocrx_word' id='word_1_125' title='bbox 412 2379 518 2412; x_wconf 85' lang='lat' dir='ltr'>non</span> <span class='ocrx_word' id='word_1_126' title='bbox 546 2359 788 2411; x_wconf 84' lang='lat' dir='ltr'>videatur</span> <span class='ocrx_word' id='word_1_127' title='bbox 826 2376 944 2410; x_wconf 85' lang='lat' dir='ltr'>esse</span> <span class='ocrx_word' id='word_1_128' title='bbox 983 2356 1182 2420; x_wconf 87' lang='lat' dir='ltr'>fumus,</span> <span class='ocrx_word' id='word_1_129' title='bbox 1223 2358 1263 2407; x_wconf 89' lang='lat' dir='ltr'>si</span> <span class='ocrx_word' id='word_1_130' title='bbox 1308 2375 1431 2407; x_wconf 90' lang='lat' dir='ltr'>cum</span> <span class='ocrx_word' id='word_1_131' title='bbox 1472 2357 1612 2406; x_wconf 77' lang='lat' dir='ltr'>JESU</span> <span class='ocrx_word' id='word_1_132' title='bbox 1649 2373 1797 2406; x_wconf 90' lang='lat' dir='ltr'>com-</span> 
     </span>
     <span class='ocr_line' id='line_1_33' title="bbox 410 2447 1798 2526; baseline -0.006 -20"><span class='ocrx_word' id='word_1_133' title='bbox 410 2473 596 2526; x_wconf 85' lang='lat' dir='ltr'>ponas,</span> <span class='ocrx_word' id='word_1_134' title='bbox 637 2455 730 2524; x_wconf 90' lang='lat' dir='ltr'>qui</span> <span class='ocrx_word' id='word_1_135' title='bbox 769 2452 988 2524; x_wconf 88' lang='lat' dir='ltr'>quidem</span> <span class='ocrx_word' id='word_1_136' title='bbox 1032 2451 1314 2515; x_wconf 83' lang='lat' dir='ltr'>ineffabili,</span> <span class='ocrx_word' id='word_1_137' title='bbox 1357 2451 1467 2500; x_wconf 81' lang='lat' dir='ltr'>imo</span> <span class='ocrx_word' id='word_1_138' title='bbox 1506 2450 1672 2501; x_wconf 89' lang='lat' dir='ltr'>etiam</span> <span class='ocrx_word' id='word_1_139' title='bbox 1716 2447 1798 2498; x_wconf 90' lang='lat' dir='ltr'>in-</span> 
     </span>
     <span class='ocr_line' id='line_1_34' title="bbox 410 2544 1798 2620; baseline -0.004 -20"><span class='ocrx_word' id='word_1_140' title='bbox 410 2549 682 2620; x_wconf 85' lang='lat' dir='ltr'>cogitabili</span> <span class='ocrx_word' id='word_1_141' title='bbox 714 2549 921 2599; x_wconf 87' lang='lat' dir='ltr'>ratione</span> <span class='ocrx_word' id='word_1_142' title='bbox 952 2548 1112 2598; x_wconf 83' lang='lat' dir='ltr'>DEUS</span> <span class='ocrx_word' id='word_1_143' title='bbox 1141 2545 1172 2598; x_wconf 72' lang='lat' dir='ltr'>a</span> <span class='ocrx_word' id='word_1_144' title='bbox 1199 2548 1331 2598; x_wconf 84' lang='lat' dir='ltr'>DEO</span> <span class='ocrx_word' id='word_1_145' title='bbox 1361 2563 1573 2616; x_wconf 86' lang='lat' dir='ltr'>semper</span> <span class='ocrx_word' id='word_1_146' title='bbox 1595 2544 1798 2614; x_wconf 81' lang='lat' dir='ltr'>absque</span> 
     </span>
     <span class='ocr_line' id='line_1_35' title="bbox 409 2638 1799 2713; baseline -0.004 -18"><span class='ocrx_word' id='word_1_147' title='bbox 409 2658 656 2713; x_wconf 88' lang='lat' dir='ltr'>tempore</span> <span class='ocrx_word' id='word_1_148' title='bbox 695 2644 950 2705; x_wconf 86' lang='lat' dir='ltr'>nascitur,</span> <span class='ocrx_word' id='word_1_149' title='bbox 990 2655 1190 2693; x_wconf 80' lang='lat' dir='ltr'>aeterno</span> <span class='ocrx_word' id='word_1_150' title='bbox 1222 2658 1542 2710; x_wconf 90' lang='lat' dir='ltr'>summoque</span> <span class='ocrx_word' id='word_1_151' title='bbox 1577 2638 1799 2690; x_wconf 88' lang='lat' dir='ltr'>Parenti</span> 
     </span>
    </p>
   </div>
   <div class='ocr_carea' id='block_1_6' title="bbox 548 2786 1638 2834">
    <p class='ocr_par' dir='ltr' id='par_1_8' title="bbox 548 2786 1638 2834">
     <span class='ocr_line' id='line_1_36' title="bbox 548 2786 1638 2834; baseline -0.005 -7"><span class='ocrx_word' id='word_1_152' title='bbox 548 2792 574 2820; x_wconf 61' lang='lat'>³‘¹‘</span> <span class='ocrx_word' id='word_1_153' title='bbox 602 2787 709 2827; x_wconf 87' lang='lat' dir='ltr'>dulci</span> <span class='ocrx_word' id='word_1_154' title='bbox 726 2788 901 2827; x_wconf 85' lang='lat' dir='ltr'>—Frob.</span> <span class='ocrx_word' id='word_1_155' title='bbox 922 2793 956 2826; x_wconf 79' lang='lat' dir='ltr'>et</span> <span class='ocrx_word' id='word_1_156' title='bbox 979 2789 1086 2828; x_wconf 84' lang='lat' dir='ltr'>Cerv.</span> <span class='ocrx_word' id='word_1_157' title='bbox 1109 2790 1223 2834; x_wconf 84' lang='lat'>1519,</span> <span class='ocrx_word' id='word_1_158' title='bbox 1254 2794 1290 2826; x_wconf 82' lang='lat' dir='ltr'>et</span> <span class='ocrx_word' id='word_1_159' title='bbox 1306 2787 1416 2827; x_wconf 79' lang='lat' dir='ltr'>Frob.</span> <span class='ocrx_word' id='word_1_160' title='bbox 1440 2787 1554 2832; x_wconf 74' lang='lat'>1540,</span> <span class='ocrx_word' id='word_1_161' title='bbox 1585 2786 1638 2822; x_wconf 77' lang='lat'>80.</span> 
     </span>
    </p>
   </div>
  </div>
 </body>
</html>
