1989 3288
159 303 225 347 28
1037 308 1252 346 CONCIO

446 460 623 502 nostra
670 452 800 501 DEO
851 447 1075 519 placeat.
1157 448 1219 500 Id
1266 462 1508 519 agenteS‚
1569 448 1831 500 humanus

444 545 590 597 favor
633 545 774 596 ultro
821 557 1197 614 consequetur.
1277 543 1428 594 Nihil
1458 546 1601 595 enim
1629 546 1827 596 virtute

445 640 738 709 pulchrius,
805 640 931 689 nihi!
983 639 1282 701 amabilius,
1343 658 1504 708 quam
1555 639 1669 689 laus
1723 641 1824 691 boc

442 736 612 806 magis
640 735 794 804 sequi
825 734 976 795 solet,
1019 753 1124 802 quo
1153 735 1328 784 minus
1356 735 1644 803 appetitur.

517 831 712 882 Paucis·
752 846 810 880 ut
845 830 1120 897 potuimus
1148 829 1295 878 vobis
1323 830 1686 897 expressimus
1723 847 1820 881 ex·

439 924 644 994 emplar
687 926 868 986 Pueri,
913 943 1076 994 quem
1112 938 1163 975 et
1198 941 1372 974 amare
1415 924 1725 992 plurimum,
1769 937 1824 977 et

437 1020 638 1071 imitari
679 1020 1070 1070 studiosissime
1113 1019 1388 1071 debemus,
1481 1022 1662 1090 Atque
1704 1039 1820 1072 om-

437 1117 565 1168 nino
585 1129 790 1166 tantum
808 1116 1111 1167 vile-bimur
1137 1133 1331 1180 amare,
1363 1131 1622 1185 quantum
1651 1116 1819 1168 fueri-

438 1231 554 1263 mus
600 1212 812 1263 imitati.
899 1213 1146 1273 Rursum,
1203 1223 1347 1260 tanto
1385 1210 1598 1278 plenius
1639 1211 1818 1262 imita-

434 1306 630 1369 bimur,
675 1325 874 1377 quanto
902 1308 1197 1358 amabimus
1226 1306 1514 1357 ardentius
1582 1306 1817 1358 Proinde

143 1396 362 1488 ggssgffisa
433 1402 536 1453 hoc
588 1403 764 1471 ipsum
808 1404 872 1454 ab
909 1403 1004 1454 illo
1043 1402 1374 1472 quotidianis
1413 1421 1472 1451 ac
1499 1404 1645 1470 puris
1694 1421 1816 1471 pre-

142 1515 320 1565 an301em
433 1497 586 1548 cibus
630 1498 952 1568 flagitemUS,
1005 1514 1063 1549 ut
1113 1498 1263 1548 nobis
1311 1497 1475 1548 donet
1516 1516 1695 1550 amore
1733 1499 1813 1549 sui

141 1568 215 1595 sm.
433 1592 675 1662 flagrare,
726 1595 807 1644 sui
837 1594 1035 1645 similes
1063 1594 1307 1653 evadere,
1353 1593 1452 1643 hoc
1483 1609 1580 1653 est,
1622 1605 1812 1656 castos,

431 1706 611 1757 puros,
651 1690 1115 1752 incontaminatos,
1151 1688 1321 1750 mites,
1349 1687 1643 1755 simpliceS,
1670 1700 1810 1739 trac-

430 1783 639 1847 tabiles‚
700 1798 952 1852 expertes
988 1784 1117 1847 fuci,
1170 1784 1381 1853 ignaros
1424 1783 1550 1845 doli,
1606 1783 1814 1834 nescios

428 1878 663 1941 invidiae,
697 1881 1008 1948 parentibus
1035 1879 1344 1945 morigeros,
1386 1877 1812 1945 praeceptoribus

430 1973 574 2025 dicto
611 1976 909 2039 audientes,
954 1975 1138 2025 mundi
1183 1985 1598 2039 contemptores,
1651 1972 1811 2023 rebus

428 2070 625 2122 divinis
666 2071 925 2135 addictos,
988 2073 1090 2139 piis
1134 2068 1299 2120 literis
1344 2069 1598 2130 intentos,
1654 2068 1808 2145 nobis

426 2167 555 2235 ipsis
581 2168 826 2236 quotidie
858 2167 1122 2229 meliores,
1154 2164 1402 2230 probatos
1429 2163 1656 2231 superiS,
1684 2181 1804 2233 gra-

425 2275 506 2313 tos
545 2261 868 2326 hominibus,
914 2263 1078 2314 odore
1116 2263 1268 2313 bonae
1316 2261 1470 2311 famae
1516 2260 1807 2330 quamplu-

420 2357 580 2408 rimos
626 2358 687 2409 ati
740 2360 1042 2410 CHRISTUM
1097 2358 1409 2408 allicientes,
1518 2359 1664 2421 Haec,
1716 2359 1802 2407 in·

421 2469 599 2520 quam,
633 2453 843 2505 assidue
874 2455 1192 2523 flagitemus,
1226 2454 1337 2502 baec
1369 2452 1615 2502 manibus
1646 2451 1802 2520 pedi-

422 2548 631 2618 busque
691 2568 964 2612 conemur,
1026 2551 1150 2599 dum
1203 2548 1393 2598 babilis
1451 2562 1594 2611 aetas,
1654 2548 1797 2598 brevi

421 2640 624 2712 alioqui
676 2644 931 2713 fugitura.
1033 2643 1249 2695 Etenim
1302 2643 1344 2692 si
1396 2653 1543 2693 recte
1594 2641 1801 2692 monuit

421 2736 633 2804 Fabius,
692 2740 896 2808 optima
945 2740 1119 2791 statim
1167 2756 1228 2790 ac
1280 2737 1453 2805 primo
1506 2735 1794 2788 discenda.-
