1989 3288
209 286 276 331 32

1087 288 1301 325 CONCIO

498 423 631 497 quid
661 423 807 475 aliud
833 434 932 486 est,
977 422 1136 491 quum
1164 442 1330 491 vapor
1356 421 1421 474 ad
1450 424 1714 494 exiguum
1743 433 1878 475 tem.-

498 540 597 591 pus
619 537 899 589 apparenS,
941 533 1033 568 aut
1059 519 1219 568 unius
1245 520 1381 567 horae
1410 518 1691 568 somnium.

575 614 677 665 Sed
708 615 961 684 agedum,
1006 614 1072 664 ‹le
1112 616 1209 664 hoc
1256 613 1472 663 interim
1514 610 1882 663 inaestimabili

499 709 720 779 praemio
774 709 1043 768 sileamus,
1107 722 1266 776 atque·
1320 708 1666 775 inspiciamus
1718 707 1877 776 quum

494 804 708 856 abunde
757 822 948 870 inagna
985 805 1239 854 mercede
1282 804 1404 852 Dux
1440 815 1618 853 uio-ter
1648 801 1879 852 militum

495 919 711 951 suorum
744 899 947 949 labores
977 899 1138 949 etiam
1170 899 1221 948 in
1257 901 1353 948 hac
1392 899 1496 948 vita
1541 907 1877 964 compenset,

492 1014 764 1066 quamque
841 995 1109 1062 disparem
1182 1006 1384 1044 metant
1447 1011 1694 1054 messem,
1783 992 1879 1061 qui

490 1089 694 1141 mundo
735 1089 985 1152 militant,
1031 1104 1084 1140 et
1120 1091 1214 1158 qui
1257 1101 1462 1140 merent
1490 1089 1586 1138 sub
1620 1088 1877 1138 CHRISTO

489 1185 644 1235 JESU.
726 1184 1022 1234 Auli-amus
1077 1186 1202 1253 quid
1257 1186 1358 1254 ipsi
1412 1184 1592 1235 dicant
1634 1183 1785 1253 impii
1821 1186 1876 1235 in

493 1277 654 1329 Libro
705 1279 1027 1346 Sapientiae:
1087 1281 1289 1330 Lassati
1332 1299 1515 1330 sumus
1556 1282 1609 1330 in
1650 1281 1731 1330 via
1772 1280 1874 1330 ini-

492 1372 710 1442 quitatis
731 1387 784 1422 et
808 1371 1151 1440 perditionis;
1183 1374 1570 1425 ambulavimus
1599 1375 1703 1424 vias
1732 1372 1873 1424 diffi-

491 1466 639 1530 ciles,
670 1468 806 1517 viam
838 1481 1016 1518 autem
1049 1469 1270 1519 Domini
1296 1470 1672 1537 ignoravimus,
1717 1469 1875 1522 lllec-

491 1575 565 1612 tat
595 1562 824 1613 mundus
852 1562 1047 1613 fucatis
1086 1564 1347 1615 bonorum
1389 1565 1709 1629 simulacris,
1753 1585 1874 1636 quae

490 1656 621 1708 nibil
662 1657 807 1709 aliud
838 1673 978 1719 sunt,
1018 1658 1176 1728 quern
1212 1659 1409 1710 mellita
1438 1678 1660 1712 venena.
1740 1661 1875 1712 Mox

491 1765 764 1816 attractos,
814 1767 867 1806 et
914 1752 1062 1804 velut
1106 1755 1482 1819 inauctoratos,
1550 1758 1727 1808 DEUM
1768 1758 1871 1808 im-

489 1846 799 1900 mortalem!
848 1850 899 1899 in
934 1867 1063 1918 quas
1100 1868 1268 1911 curas,
1319 1870 1448 1920 quas
1484 1852 1870 1917 solicitudines,

487 1962 618 2014 quas
653 1945 851 2005 turbaS,
908 1961 1028 2013 quae
1074 1943 1375 2014 dispendia,
1420 1966 1539 2016 quae
1585 1947 1870 2011 dedecora,

487 2039 541 2088 in
564 2055 720 2107 quam
753 2038 980 2088 consciae
1004 2041 1196 2092 mentis
1217 2043 1600 2106 carnificinam,
1630 2044 1682 2094 in
1707 2061 1869 2112 quem

487 2132 762 2185 infelicem
817 2134 1027 2185 exitum
1082 2138 1301 2187 miseros
1353 2136 1601 2189 adducit!
1671 2153 1731 2189 ut
1782 2138 1870 2189 hic

486 2247 707 2299 quoque
735 2228 847 2299 jam
877 2230 1090 2281 abunde
1122 2250 1338 2301 magnas
1367 2233 1656 2303 impietatis
1682 2251 1871 2302 poenas

484 2325 695 2377 dedisse
724 2326 1022 2389 videantur,
1064 2329 1268 2379 etiamsi
1298 2327 1432 2378 nulli
1470 2339 1871 2398 consequantur

486 2420 659 2472 inferi.
729 2422 799 2471 At
828 2424 920 2492 qui
951 2421 1167 2491 rejectis
1191 2424 1377 2474 mundi
1396 2422 1553 2486 fucis,
1584 2424 1638 2473 in
1659 2425 1866 2487 JESUM,

484 2515 587 2566 hoc
630 2530 727 2580 est,
778 2536 1043 2569 summum
1084 2519 1303 2580 bonum,
1352 2535 1565 2570 omnem
1609 2534 1864 2580 amorem,

485 2629 687 2675 curam,
748 2614 1096 2684 studiumque
1141 2612 1487 2676 transferunt,
1546 2612 1757 2680 totique
1798 2611 1865 2661 ab

483 2704 576 2757 illo
620 2706 878 2776 pendent,
936 2709 973 2759 ii
1009 2707 1169 2777 juxta
1211 2709 1530 2777 promissum
1579 2705 1865 2776 Evangeli-
