1989 3288
616 289 691 325 DE
731 289 919 325 PVERO
960 289 1101 326 IESV.

172 429 357 480 studiis
385 441 550 482 totam
581 432 862 500 pueritiam
891 432 1213 501 transegerit
1237 450 1247 482 :
1291 449 1394 483 non
1424 432 1551 496 oti0,

173 542 274 576 non
318 526 459 591 cibo,
518 545 624 577 non
670 545 875 590 somno,
937 545 1038 578 non
1085 526 1284 595 ineptis
1330 526 1552 590 lusibuS,

174 638 280 672 non
307 621 482 673 stuitis
506 623 719 687 fabulis,
764 641 867 673 non
898 622 1319 693 evagationibus,
1364 640 1553 692 quem-

174 714 466 768 admodum
495 735 780 786 puerorum
807 715 998 787 vulgus
1028 716 1174 781 facit,
1219 717 1309 768 sed
1342 729 1436 767 aut
1461 735 1556 786 pa-

174 825 385 862 rentum
424 813 718 884 obsequiis,
758 824 848 862 aut
886 810 1046 861 sacris
1091 810 1553 880 precationibus*,

173 917 266 957 aut
300 907 660 959 auscultandis
706 908 1032 973 doctoribus,
1078 920 1170 959 aut
1196 909 1298 977 piis
1326 909 1554 961 medita-

174 1001 430 1066 tionibus,
473 1015 564 1054 aut
606 1003 801 1053 sanctis
844 1020 904 1051 ac
933 1002 1083 1052 seriis
1111 1020 1231 1053 cum
1262 1002 1556 1073 oequalibus

174 1097 358 1166 pueris
418 1097 720 1168 colloquiis.
825 1097 911 1146 An
963 1116 1067 1147 non
1125 1098 1238 1149 haec
1290 1109 1346 1149 et
1390 1097 1558 1150 multa

174 1193 413 1253 similia†
442 1196 743 1245 summatim
766 1191 1085 1261 complexus
1106 1206 1187 1244 est
1209 1209 1421 1245 sanctus
1447 1196 1557 1246 Lu-

176 1307 283 1353 cas,
315 1309 437 1341 cum
461 1291 645 1341 scribit
668 1289 731 1341 ad
758 1290 899 1340 hunc
924 1287 1140 1338 modum
1165 1288 1179 1338 ?
1252 1291 1394 1340 Puer
1415 1308 1558 1340 cres-

175 1384 348 1448 cebat,
396 1399 452 1436 et
497 1383 897 1436 confortabatur
939 1384 1131 1453 plenus
1174 1385 1449 1452 sapientia,
1504 1398 1559 1436 et

179 1478 347 1548 gratia
376 1480 488 1529 DEI
515 1492 628 1531 erat
654 1480 707 1529 in
736 1478 841 1531 illo.
921 1481 1003 1530 An
1036 1497 1138 1530 non
1170 1479 1340 1547 palam
1364 1479 1558 1530 videtis

178 1592 375 1625 novum
406 1575 648 1642 pueritiae
682 1575 888 1643 genus?
971 1576 1057 1625 De
1106 1574 1335 1643 pristinis
1380 1575 1559 1643 pueris

180 1667 383 1719 dictum
423 1682 538 1720 est:
600 1668 841 1721 Stultitia
882 1669 1134 1738 colligata
1175 1680 1256 1718 est
1300 1670 1349 1719 in
1394 1668 1558 1720 corde

179 1765 347 1832 pueri.
424 1766 511 1815 De
534 1783 670 1815 novo
697 1765 795 1816 hoc
818 1765 1027 1827 auditis,
1059 1762 1251 1832 plenus
1278 1763 1555 1831 sapientia.

181 1857 333 1917 Quid
396 1859 572 1911 adhuc
634 1860 802 1911 aetatis
867 1859 1129 1910 inscitiam
1190 1859 1555 1926 praeteximus,

179 1972 305 2004 cum
345 1953 622 2004 audiamus
664 1972 769 2004 non
813 1954 1129 2021 sapientem,
1192 1953 1285 2004 sed
1336 1953 1556 2023 plenum

177 2048 443 2119 sapientia
472 2066 698 2117 puerum
723 2049 737 2098 ?
819 2048 1018 2100 Videte
1047 2062 1104 2099 ut
1131 2067 1344 2100 omnem
1379 2067 1557 2099 rerum

179 2141 429 2194 ordinem
477 2142 560 2194 hic
607 2143 749 2193 Puer
795 2143 1027 2206 invertit,
1086 2144 1176 2214 qui
1228 2143 1461 2213 loquitur
1504 2144 1556 2195 in

178 2237 544 2306 Apocalypsn
590 2239 733 2288 Ecce
761 2255 864 2308 ego
885 2256 1014 2289 nova
1031 2237 1171 2288 facio
1191 2238 1381 2288 omnia.
1427 2238 1560 2289 Per-

181 2334 326 2386 ditur
364 2335 629 2403 sapientia
671 2350 877 2394 senum,
920 2351 979 2383 ac
1009 2331 1292 2400 prudentia
1318 2331 1560 2402 pruden—

182 2434 318 2480 tium
343 2429 674 2497 reprobatur,
718 2432 813 2493 etss
846 2427 997 2496 pueri
1027 2427 1318 2496 implentur
1343 2429 1560 2497 sapien-

195 2561 199 2565 ”
240 2573 267 2603 a<
295 2569 724 2609 orationibus-Eros.
749 2576 784 2608 ec
808 2570 1056 2614 Cerv.1519,
1085 2575 1120 2607 ec
1140 2568 1248 2607 F1-0b.
1280 2569 1394 2615 1540,
1415 2569 1472 2608 80.

238 2651 269 2694 ἦ·
297 2656 389 2683 cum
410 2644 543 2681 multis
563 2644 756 2682 similibus
773 2666 824 2673 —
843 2644 930 2684 Vita
953 2644 1079 2683 Coletz'.

234 2717 258 2769 ἶ
294 2717 523 2757 ac—Frob.
541 2720 577 2755 εἰ
598 2715 703 2755 Cerv.
725 2717 838 2765 1519,
869 2724 904 2756 et
924 2718 1034 2757 Frob.
1059 2719 1173 2763 1540,
1205 2721 1264 2757 80.

1777 285 1842 328 23
