1989 3288
612 285 686 321 DE
727 285 918 322 PVERO
958 287 1097 323 IESV.

167 446 309 490 cum,
353 443 460 477 non
490 426 649 476 modo
686 426 844 475 vitam
886 435 1136 475 aeternam
1173 425 1540 492 possidebunt,

168 539 351 574 verum
381 522 545 573 etiam
586 522 639 572 in
680 521 780 571 hoc
818 520 998 572 seculo
1042 521 1354 589 centuplum
1398 520 1543 572 acci-

165 616 331 686 pient.
412 614 559 672 Quid
598 627 677 665 est
711 627 889 666 autern
916 614 1166 682 accipere
1189 615 1540 684 centuplum?

167 715 387 782 Nempe
426 730 525 781 pro
569 712 765 763 fucatis
802 712 953 762 bonis
992 730 1131 777 vera,
1192 731 1290 781 pro
1330 715 1546 766 incertis

166 818 333 872 certa,
375 826 469 876 pro
509 807 670 857 fluxis
713 818 925 870 aeterna,
981 824 1077 874 pro
1116 826 1323 859 veneno
1365 810 1547 860 tinctis

167 903 391 967 sincera,
421 920 517 970 pro
546 902 686 952 curis
711 901 897 962 otium,
931 919 1026 969 pro
1049 902 1387 955 solicitudine
1406 904 1546 956 fidu-

166 998 325 1058 ciam,
386 1015 485 1065 pro
537 996 873 1048 turbulentia
925 996 1382 1065 tranquillitatem,
1450 1017 1547 1068 pro

167 1091 465 1162 dispendiis
480 1092 787 1155 utilitatem,
813 1110 906 1160 pro
927 1091 1142 1160 flagitiis
1159 1093 1543 1163 integritatem,

165 1206 262 1258 pro
284 1191 628 1240 conscientiae
651 1188 892 1239 cruciatu
913 1200 1176 1239 secretum
1200 1202 1254 1239 et
1270 1190 1548 1243 ineffabile

168 1283 444 1356 gaudium,
474 1303 568 1354 pro
595 1284 739 1353 turpi
763 1297 923 1352 atque
947 1283 1157 1334 infelici
1177 1286 1326 1335 exitu
1351 1286 1549 1356 glorio-

168 1399 278 1432 sam
305 1399 366 1432 ac
393 1380 773 1450 triumphalem
795 1388 1040 1429 mortem.
1124 1380 1387 1448 Sprevisti
1409 1380 1547 1432 divi-

167 1475 269 1526 tias
313 1494 494 1527 amore
538 1477 789 1537 CHRISTJ,
849 1473 901 1523 in
947 1473 1064 1542 ipso
1108 1492 1257 1525 veros
1302 1476 1550 1528 invenies

168 1567 477 1620 thesauros:
537 1568 774 1639 rejecisti
829 1568 983 1619 falsos
1034 1569 1282 1634 honoreS,
1345 1574 1397 1622 in
1447 1573 1550 1624 hoc

167 1662 329 1734 longe
373 1664 477 1715 eris
530 1665 855 1716 honoratior:
921 1664 1209 1736 neglexisti
1264 1681 1547 1736 parentum

168 1757 414 1822 affectus,
474 1759 575 1810 hoc
626 1758 997 1827 indulgentius
1040 1760 1247 1812 fovebit
1294 1777 1347 1815 te
1398 1766 1553 1817 Pater

166 1872 340 1918 verUS,
389 1855 483 1924 qui
521 1867 600 1906 est
637 1855 690 1905 in
737 1853 920 1905 coelis:
968 1874 1062 1923 pro
1108 1857 1277 1908 nihilo
1315 1859 1548 1912 habuisti

168 1948 488 2000 mundanam
517 1950 850 2018 sapientiam,
893 1952 946 2001 in
979 1951 1238 2004 CHRISTO
1268 1954 1431 2027 longe
1457 1977 1548 2008 ve-

166 2045 278 2095 rius
303 2045 498 2113 sapieS,
540 2063 602 2096 ac.
629 2045 880 2097 felicius:
939 2062 1251 2116 aspernatus
1288 2069 1343 2101 es
1382 2054 1546 2120 pesti-

163 2138 301 2192 feras
327 2140 649 2209 voluptates,
692 2142 744 2191 in
775 2141 894 2209 ipso
937 2143 1104 2193 multo
1140 2144 1267 2196 alias
1305 2149 1550 2201 invenies

165 2232 405 2286 delicias,
471 2236 732 2298 Breviter,
762 2235 859 2287 ubi
881 2255 1095 2290 arcanas
1114 2239 1252 2305 illas,
1278 2243 1373 2294 sed
1401 2263 1550 2298 veras

165 2346 295 2398 opes
322 2330 573 2394 CHRISTI,
618 2329 857 2399 dispulsa
883 2334 1073 2385 mundi
1102 2336 1353 2408 caligine,
1400 2339 1551 2393 vide-

165 2424 255 2488 riS,
300 2425 479 2475 omnia
512 2443 633 2494 quae
672 2426 819 2494 prius
849 2429 1171 2495 arridebant,
1212 2453 1334 2504 quae
1367 2433 1548 2488 solici-

165 2519 367 2583 tabant,
426 2539 492 2572 ea
533 2539 636 2572 non
674 2522 844 2574 solum
880 2544 983 2576 non
1031 2527 1396 2594 admiraberiS,
1455 2531 1546 2584 sed

165 2614 391 2684 perinde
439 2626 498 2667 ut
539 2630 722 2686 pestes
764 2617 1022 2689 quasdam
1066 2621 1262 2691 fugieS,
1315 2623 1548 2694 rejicieS,

166 2709 505 2762 aversaberis.
585 2711 672 2762 Fit
698 2712 840 2768 enim
881 2714 1074 2766 mirum
1118 2715 1172 2767 in
1211 2716 1444 2785 modum,
1488 2733 1549 2772 ut

1768 282 1832 327 33

1587 633 1827 680 centuplum

1505 715 1513 722 .
1587 688 1782 737 accipere.
