1989 3288
161 290 225 332 36

155 647 307 685 Gustus

154 699 352 738 felicitatis

154 752 309 791 futurae.

1033 310 1266 348 CONCIO.

453 445 681 512 fratrem,
725 449 788 499 ad
820 468 1159 503 communem
1184 470 1306 503 cum
1335 450 1428 502 illo
1450 451 1822 505 haereditatem

453 543 774 596 destinatum
804 564 920 598 esse
945 566 954 597 :
999 547 1247 608 breviter,
1278 544 1392 614 jam
1421 563 1524 595 non
1554 547 1823 599 hominem

453 659 586 703 esse,
629 640 719 690 sed
749 643 922 691 Deum
946 639 956 690 l
1044 641 1193 692 Adde
1216 642 1296 692 his
1320 654 1532 712 gustum
1557 641 1824 710 quendam

453 733 721 785 felicitatis
760 735 973 798 futurae,
1016 755 1176 806 quem
1215 738 1319 805 piae
1356 750 1564 788 mentes
1595 736 1824 788 subinde

447 832 763 899 percipiunt.
834 833 982 895 Haec,
1015 832 1278 895 nimirum,
1308 829 1530 893 viderat,
1564 829 1674 881 haec
1699 848 1819 882 sen-

446 941 585 978 serat
616 927 908 993 Propheta,
953 946 1072 978 cum
1104 929 1207 978 ait:
1253 927 1372 976 Nec
1416 925 1558 975 auris
1599 924 1816 989 audivit,

445 1039 543 1071 nec
568 1020 756 1071 oculus
784 1020 933 1084 vidit,
979 1040 1075 1073 nec
1104 1023 1157 1072 in
1188 1039 1279 1071 cor
1303 1021 1529 1072 hominis
1553 1020 1818 1084 ascendit,

440 1134 560 1184 quae
590 1115 899 1184 praeparasti
934 1118 1090 1167 DEUS
1117 1116 1470 1187 diligentibus
1499 1129 1567 1166 te.

517 1210 764 1273 Proinde,
805 1211 1061 1261 carissimi
1090 1212 1308 1274 sodaleS,
1341 1212 1382 1262 si
1409 1211 1653 1261 dabimus
1680 1229 1812 1280 ope-

440 1326 567 1369 ram,
611 1320 671 1358 ut
712 1325 836 1357 vere
887 1311 1123 1359 CHRISTl
1161 1308 1398 1358 membra
1434 1308 1611 1369 simus,
1655 1303 1816 1375 juxta

439 1402 571 1453 illud
604 1403 989 1470 Propheticum
1035 1403 1277 1452 dictum:
1319 1403 1505 1452 Justus
1543 1416 1600 1451 ut
1636 1400 1815 1469 palma

439 1497 666 1560 florebit,
710 1500 868 1548 etiam
909 1499 959 1547 in
1009 1498 1104 1548 hac
1143 1499 1246 1548 vita
1277 1508 1546 1567 perpetua
1582 1495 1810 1566 quadam

436 1592 801 1644 adolescentia
828 1593 1180 1655 vernabimUS,
1226 1610 1329 1643 non
1369 1592 1546 1642 animo
1582 1603 1809 1656 tantum,

436 1707 614 1739 verum
639 1689 801 1738 etiam
822 1706 1056 1756 corpore.
1121 1690 1328 1738 Etenim
1352 1686 1809 1757 quemadmodum

437 1783 654 1835 floridus
682 1783 771 1833 ille
792 1786 930 1835 JESU
957 1785 1189 1850 Spiritus
1214 1784 1267 1833 in
1298 1796 1535 1833 nostrum
1563 1782 1808 1850 spiritum

435 1878 774 1941 redundabit,
817 1879 892 1928 ita
919 1886 1098 1929 noster
1133 1878 1370 1928 vicissim
1406 1879 1458 1928 in
1497 1895 1652 1927 suum
1690 1895 1806 1928 cor-

436 1993 535 2043 pus
584 1973 793 2036 influet,
853 1987 908 2025 et
953 1972 1131 2043 quoad
1181 1972 1292 2023 fieri
1341 1985 1534 2040 potest,
1590 1972 1642 2022 in
1692 1965 1809 2022 se3e

434 2068 845 2119 transformabit.
928 2069 1049 2118 Nec
1093 2068 1289 2135 poterit.
1328 2079 1504 2118 tantus
1543 2067 1707 2117 animi
1744 2085 1805 2117 ac

431 2167 665 2233 corporis
720 2165 858 2215 nitor
907 2165 1134 2215 vestium
1189 2162 1369 2213 sordes
1417 2163 1568 2213 ferre.
1665 2163 1806 2212 Nam

433 2261 640 2312 animus
685 2273 864 2312 noster
911 2259 1273 2310 habitaculum
1326 2269 1408 2310 est
1452 2259 1582 2321 DEI,
1642 2259 1808 2309 animi

432 2355 763 2406 domicilium
807 2368 884 2406 est
928 2373 1140 2422 corpuS,
1193 2356 1350 2423 porrb
1396 2355 1553 2404 vestis
1598 2365 1652 2404 et
1694 2354 1811 2423 ipsa

432 2452 670 2518 corporis
715 2449 1113 2519 quodammodo
1160 2467 1356 2519 corpus
1399 2463 1495 2500 est.
1578 2451 1655 2500 Ita
1695 2450 1807 2513 fiet,

430 2555 493 2594 ut
541 2544 734 2612 capitis
785 2544 1010 2612 puritati
1063 2555 1202 2595 totus
1255 2545 1413 2596 homo
1464 2543 1807 2613 respondeat,

429 2638 601 2690 donec
653 2651 867 2708 peracta
920 2641 1016 2690 hac
1066 2641 1176 2691 vita
1227 2638 1293 2690 ad
1350 2637 1808 2690 immortalitatem

429 2733 754 2785 traducatur.
