1989 3288
482 1192 502 1201 Ι·
695 1129 927 1179 miscunt
1000 1130 1162 1180 etiam
1238 1131 1550 1196 Daemones,

393 1208 428 1240 “Q
546 1229 644 1294 ,ζ
688 1236 870 1274 amant
892 1225 987 1275 soli
1013 1226 1101 1294 pii.
1178 1226 1550 1283 Quamobrem

572 1321 609 1366 *52⁷
685 1321 852 1372 altera
871 1319 1028 1389 hujus
1052 1323 1307 1373 orationis
1332 1341 1469 1392 pars,
1493 1335 1552 1374 ut

580 1397 588 1404 κ
688 1417 909 1484 propius
938 1416 1004 1467 ad
1040 1435 1135 1467 nos
1176 1419 1435 1487 pertinet,
1475 1418 1550 1470 ita

685 1526 768 1565 est
794 1513 1172 1564 attentioribus
1201 1514 1421 1565 auribus
1456 1532 1548 1565 ac-

161 1607 431 1677 cipienda,
475 1608 749 1672 videlicet,
795 1619 927 1678 quot
955 1610 1266 1660 nominibus
1289 1613 1458 1663 JESUS
1481 1611 1550 1662 sit

159 1703 313 1754 nobis
341 1703 617 1769 amandus,
647 1703 732 1755 vel
762 1702 1118 1756 redamandus
1149 1708 1337 1777 magis,
1369 1721 1428 1759 ut
1454 1690 1548 1777 qui

159 1817 254 1850 nos
300 1810 356 1849 et
386 1798 623 1850 nondum
665 1799 928 1862 conditos,
973 1812 1097 1851 ante
1136 1819 1293 1852 omne
1335 1814 1549 1870 tempus

158 1895 349 1945 amarit
384 1895 439 1946 in
479 1915 553 1959 se,
614 1897 667 1946 iu
717 1915 822 1966 quo
853 1895 969 1966 jam
1005 1907 1116 1946 tum
1154 1909 1308 1947 erant
1350 1897 1545 1949 omnia.

156 1999 348 2067 Itaque
386 1993 559 2043 nativa
587 2012 678 2044 sua
708 1994 946 2043 bonitate
975 2010 1097 2042 cum
1128 1991 1256 2042 nihil
1285 2011 1541 2057 essemus,

153 2111 250 2143 nos
278 2092 468 2142 finxit:
513 2091 669 2140 finxit
703 2103 885 2140 autem
926 2106 1030 2137 non
1069 2087 1293 2156 quodvis
1325 2089 1540 2155 animal,

152 2187 248 2240 sed
271 2188 512 2239 homines
527 2191 578 2251 ἧς,
602 2200 657 2238 et
676 2186 832 2236 finxit
853 2182 919 2234 ad
942 2183 1023 2233 sui
1044 2183 1209 2251 ipsius
1232 2185 1541 2252 imaginem,

153 2282 257 2334 hoc
277 2296 376 2346 est,
408 2282 600 2332 summi
634 2282 755 2331 boni
786 2297 1032 2348 capaces,
1076 2298 1136 2330 ac
1159 2299 1308 2332 sacro
1328 2281 1410 2332 sui
1437 2283 1542 2334 oris

151 2374 333 2428 afflatu
358 2377 606 2447 spiritum
634 2375 852 2445 vitalem
879 2375 1087 2426 indidit.
1172 2376 1254 2426 Ad
1287 2377 1402 2427 haec
1432 2397 1538 2429 cae-

151 2471 278 2523 teris
304 2472 666 2522 animantibus
695 2471 923 2539 imperio
954 2482 1131 2522 nostro
1155 2470 1538 2541 parerejussis,

149 2568 447 2638 quinetiam
473 2566 701 2638 Angelis
738 2567 791 2617 in
828 2568 991 2618 nostri
1028 2566 1250 2618 tutelam
1289 2566 1538 2639 designa-

454 2714 478 2737 *
507 2713 705 2752 hominem
723 2711 899 2753 —Frob.
921 2720 958 2752 et
980 2713 1087 2752 Cerv.
1112 2715 1226 2752 1519.

1584 2026 1744 2064 Creavit

1582 2092 1667 2118 nos.
