1989 3288
98 287 155 327 12

86 1244 228 1282 Missio

82 1300 267 1337 Smnrrcs

83 1354 246 1391 SascTt.

80 1985 142 2023 Ad
165 1985 253 2023 vitae

81 2046 289 2087 contemp-

80 2097 166 2131 tum
181 2094 330 2131 invitat.

971 296 1187 333 CONCIO

380 439 618 503 neribus,
663 452 756 490 tuo
789 438 994 491 lavares
1033 439 1314 509 sanguine,
1359 449 1450 490 tua
1488 452 1660 493 morte
1702 440 1767 491 ad

380 534 838 586 immortalitatem
876 535 1152 587 eveheres.
1233 537 1291 585 In
1332 554 1553 599 summa,
1593 547 1766 586 totum

380 640 435 681 te
481 629 635 680 nobis
678 629 1008 698 impendisti,
1070 642 1127 680 ut
1173 629 1249 680 tui
1297 630 1359 694 (si
1403 631 1517 680 fieri
1561 634 1764 700 posset)

371 721 583 793 jactura
611 743 704 774 nos
738 725 976 792 perditos
1004 743 1255 776 servares.
1337 727 1478 776 Vitae
1509 726 1769 790 redditus,

381 820 541 870 toties
577 820 680 869 tuis
720 821 1031 889 apparuisti,
1072 833 1235 890 atque
1281 820 1384 871 illis
1432 822 1768 874 intuentibus

382 916 595 966 Patrem
640 917 904 984 repetisti,
948 930 1005 968 ut
1038 917 1281 967 membra
1319 917 1655 969 confiderent
1701 919 1768 969 eo

382 1029 438 1061 se
489 1027 830 1080 perventura,
894 1031 1001 1080 quo
1054 1025 1218 1081 caput
1262 1009 1375 1080 jam
1426 1014 1764 1080 praecessisse

381 1107 779 1176 conspicerent.
852 1107 1068 1159 Deinde
1096 1127 1202 1178 quo
1228 1110 1395 1179 magis
1420 1111 1765 1163 confirmares

383 1203 582 1253 amicos
613 1205 774 1254 Patre
806 1203 1035 1273 placato,
1080 1205 1359 1275 egregium
1395 1204 1524 1254 illud
1565 1223 1763 1274 perpe-

383 1299 462 1349 tui
495 1300 688 1349 amoris
736 1301 811 1349 tui
856 1300 1052 1370 pignus
1091 1300 1296 1362 misisti,
1342 1300 1581 1349 SACRUM
1616 1298 1764 1350 illum

386 1396 683 1458 SPIRITUM,
715 1414 820 1464 quo
850 1398 1045 1446 mortui
1074 1394 1292 1458 mundo,
1321 1394 1483 1464 longe
1504 1395 1681 1446 verius
1702 1414 1764 1446 ac

379 1488 588 1540 felicius
608 1489 718 1558 jam
748 1491 1046 1541 viveremus
1074 1490 1126 1541 in
1156 1502 1228 1553 te,
1275 1489 1433 1558 quam
1461 1503 1636 1541 nostro
1660 1490 1764 1541 hoc

378 1584 569 1652 spiritu
620 1586 862 1637 vivimus.
971 1587 1191 1647 QuaeSO,
1246 1584 1374 1654 quid
1422 1585 1500 1635 his
1542 1604 1764 1637 summae

379 1679 612 1730 caritatis
650 1682 983 1748 argumentis
1028 1693 1239 1749 poterat
1284 1679 1590 1731 accedere?
1674 1683 1764 1733 Ne

379 1774 493 1825 haec
526 1774 744 1844 quidem
786 1790 890 1828 tam
935 1776 1120 1839 multa,
1162 1790 1267 1826 tam
1305 1794 1500 1845 magna
1537 1775 1763 1846 flagran-

379 1870 578 1921 tissimo
607 1884 698 1921 tuo
726 1872 777 1923 in
810 1891 902 1922 nos
925 1872 1089 1922 amori
1111 1884 1190 1922 sat
1213 1884 1376 1922 erant.
1460 1872 1596 1927 Quis
1617 1872 1763 1923 enim

379 1982 799 2018 commemorare
823 1968 1005 2035 possit,
1039 1979 1168 2036 quot
1188 1967 1487 2036 Martyrum
1509 1966 1766 2017 mortibus

375 2077 472 2112 nos
501 2061 566 2112 ad
594 2061 750 2131 hujus
778 2063 900 2113 vitae
928 2075 1305 2133 contemptum
1335 2063 1574 2113 animas?
1629 2075 1764 2133 quot

376 2155 667 2226 Virginum
687 2158 954 2227 exemplis
976 2157 1042 2209 ad
1065 2160 1450 2211 continentiam
1474 2158 1759 2211 accendis?

374 2264 504 2320 quot
534 2254 853 2304 Sanctorum
883 2257 1244 2306 monumentis
1279 2254 1345 2305 ad
1383 2257 1646 2325 pietatem
1670 2274 1758 2307 so-

372 2345 580 2397 licitas?
627 2349 786 2418 quam
812 2348 1138 2401 admirandis
1163 2350 1422 2402 Ecclesiae
1452 2366 1556 2402 tuae
1585 2369 1758 2402 sacra-

374 2443 565 2492 mentis
594 2445 890 2495 communis
921 2447 1120 2514 pariter
1148 2451 1247 2496 et÷⁵÷
1276 2447 1444 2497 ditas?
1529 2449 1606 2498 Ut
1628 2465 1760 2498 con-

371 2534 570 2599 solaris,
616 2539 793 2608 erigis,
838 2557 1024 2605 armas,
1081 2540 1262 2606 doces,
1317 2562 1522 2607 mones,
1577 2542 1755 2606 trahis,

371 2631 530 2699 rapiS,
592 2646 780 2697 mutas,
842 2635 1183 2687 transformas
1245 2657 1340 2690 nos
1393 2637 1598 2690 arcanis
1653 2639 1757 2688 tuis

556 2779 579 2803 *
609 2776 844 2815 ac—Frob.
869 2785 905 2816 et
925 2778 1032 2818 Cerv.
1058 2782 1175 2829 1519,
1206 2788 1242 2820 et
1261 2781 1370 2820 Frob.
1393 2784 1508 2829 1540,
1542 2785 1598 2820 8⁰.
