1989 3288
615 288 689 324 DE
731 287 921 324 PVERO
966 289 1105 325 lESV.

179 423 361 481 Quam
403 423 571 475 multa
609 423 770 493 quam
801 426 990 494 paucis
1019 444 1113 476 nos
1141 424 1359 477 docuit!
1442 427 1559 478 Pri-

176 537 344 583 mum,
405 538 525 570 cum
572 520 743 570 aetatis
786 521 1112 584 accessione,
1171 521 1390 588 pietatis
1426 522 1556 574 item

176 615 541 666 accessionem
597 630 846 681 oportere
896 615 1157 683 copulari,
1217 634 1284 666 ne
1324 615 1456 667 illud
1501 617 1555 667 in

174 705 413 778 nosjure
440 710 550 760 dici
581 711 760 778 poss-it,
797 710 942 780 quod
973 711 1022 760 in
1056 712 1332 761 hominum
1362 711 1558 781 vulgus

176 802 330 854 divus
354 803 492 854 dixit
523 805 859 874 Augustinus
882 825 891 857 :
939 806 1053 863 Qui
1081 805 1247 875 major
1274 820 1352 858 est
1378 818 1553 870 aetate,

174 896 342 968 major
368 912 449 951 est
473 900 778 970 iniquitate.
863 902 1015 952 Neve
1058 902 1110 951 in
1163 902 1260 952 hoc
1301 902 1555 970 pulcher-

173 992 310 1045 rimo
355 995 651 1046 certamine
695 1013 932 1064 unquam
981 1009 1261 1059 restemus‚
1325 1009 1416 1047 aut
1462 1013 1555 1046 nos

172 1101 446 1146 assecutos
474 1090 823 1141 arbitremur:
870 1090 964 1141 sed
1003 1091 1058 1141 in
1095 1109 1294 1141 morem
1333 1109 1555 1142 curren-

174 1185 311 1234 tium
352 1185 405 1234 in
451 1185 644 1248 stadio,
686 1185 716 1235 a
759 1197 911 1254 tergo
957 1186 1144 1237 relicta
1192 1186 1551 1256 negligentes,

173 1280 227 1330 in
267 1281 537 1332 anteriora
583 1281 833 1344 nitamur,
877 1299 938 1332 ac
978 1300 1192 1350 semper
1234 1281 1265 1332 a
1303 1282 1455 1332 bonis
1490 1281 1555 1332 ad

175 1374 416 1439 meliora,
471 1376 502 1427 a
552 1376 866 1428 melioribus
919 1376 981 1427 ad
1036 1377 1239 1446 optima
1290 1378 1554 1445 proficere

172 1490 451 1537 conemur,
504 1473 677 1525 donec
724 1472 790 1523 ad
836 1487 1050 1536 metam,
1096 1474 1196 1523 hoc
1242 1484 1340 1537 est,
1391 1470 1555 1542 hujus

171 1568 294 1620 vitae
315 1568 477 1620 finem
498 1583 813 1636 perventum
838 1568 955 1620 erit.
1019 1567 1386 1638 Socratesjam
1402 1573 1435 1606 ἦ
1456 1568 1551 1620 ad-

172 1662 390 1714 modum
422 1682 588 1714 senex
626 1663 849 1733 perinde
886 1664 1038 1733 quasi
1078 1663 1212 1714 nihil
1250 1665 1431 1727 sciret,
1475 1665 1551 1715 ita

171 1775 386 1826 semper
413 1771 469 1810 et
504 1758 535 1809 a
567 1759 756 1827 quovis
790 1758 1000 1810 discere
1040 1759 1270 1810 sitiebat.
1356 1759 1551 1810 Itidem

172 1864 227 1906 et
250 1873 360 1919 nos,
405 1873 512 1924 quo
535 1856 705 1924 magis
731 1855 784 1905 in
824 1857 1078 1906 CHRISTO
1117 1853 1399 1917 fuerimus,
1443 1854 1544 1905 hoc

171 1951 350 2001 minus
377 1951 528 2001 nobis
556 1951 910 2020 placebimuS,
955 1950 998 2000 si
1034 1949 1192 2000 modo
1221 1967 1346 2001 vere
1376 1950 1428 2000 in
1458 1949 1550 2001 illo

169 2044 430 2098 fuerimus
461 2047 746 2115 progressi.
830 2045 983 2095 Adeo
1021 2043 1229 2108 φιλαυτία
1268 2046 1432 2113 pestis
1469 2056 1551 2096 est

169 2151 226 2194 et
268 2142 587 2206 studiorum,
640 2154 695 2193 et
737 2140 970 2212 pietatis,
1012 2158 1073 2189 ac
1106 2138 1269 2208 juxta
1309 2140 1549 2203 Fabium,

170 2255 385 2306 praecox
419 2237 554 2288 illud
589 2237 936 2307 ingeniorum
969 2253 1158 2301 ¹genus,
1204 2254 1305 2285 non
1346 2247 1548 2288 temere

169 2334 418 2403 pervenit
443 2333 507 2384 ad
538 2333 746 2402 frugem
777 2331 860 2384 vel
889 2331 1228 2395 eruditionis,
1278 2331 1360 2382 vel
1391 2332 1550 2383 inno-

167 2429 379 2481 centiae.
462 2430 730 2499 Equidem
764 2447 861 2480 nec
891 2427 1134 2478 ordinem
1165 2427 1398 2477 otiosum
1432 2444 1549 2478 esse

167 2535 303 2592 puto
336 2522 480 2593 apud
523 2525 717 2585 DEUM,
763 2538 815 2574 et
864 2521 1004 2591 apud
1054 2521 1312 2584 homines,
1357 2531 1418 2570 ut
1461 2520 1544 2571 in-

166 2617 476 2690 telligamus
510 2619 563 2669 in
593 2618 778 2686 primis
807 2615 1037 2669 dandam
1065 2634 1300 2685 operam,
1343 2626 1404 2665 ut
1436 2615 1546 2666 vita

509 2765 534 2794 ἢ(
555 2762 644 2812 jam
660 2785 713 2793 —-
727 2765 827 2803 deest
846 2764 957 2803 Frob-
985 2762 1106 2809 1540,
1136 2767 1194 2802 8⁰·

1785 289 1850 331 27

1603 543 1703 603 Cum
1721 550 1839 584 aetate

1604 604 1731 644 p1etas
1752 611 1825 636 au-

1601 657 1753 698 geatur.

1602 1098 1851 1146 Pergendum

1598 1159 1658 1191 est
1676 1153 1715 1191 in
1735 1155 1798 1191 via

1600 1208 1764 1246 virtutis.
