1989 3288
598 276 673 314 DE
711 274 904 312 PVERO
944 275 1088 312 IESV.

155 417 496 470 simulacrum
523 418 869 481 innocentiae,
908 416 993 469 vel
1017 435 1139 485 spes
1167 417 1343 485 potius
1369 427 1533 487 atque

155 512 364 566 indoles
390 513 584 564 futurae
611 513 891 582 probitatis
917 532 926 564 :
956 512 1147 575 mollis,
1178 523 1232 564 et
1259 512 1311 562 in
1341 531 1530 582 quem·

155 610 232 660 vis
277 608 518 660 habitum
561 626 763 678 sequax
805 610 1028 671 animus,
1091 608 1260 676 pudor
1301 609 1532 676 optimus

153 705 478 756 innocentiae
521 719 716 767 custos,
775 704 1051 774 ingenium
1102 703 1241 752 vitiis
1287 721 1532 768 vacuum,

157 801 393 870 corporis
421 801 574 861 nitor,
621 817 682 849 ac
714 798 875 848 veluti
905 798 999 848 flos
1025 798 1240 867 quidam
1268 800 1533 849 vernantis

158 896 275 959 aevi,
328 908 382 946 et
428 896 608 945 nescio
651 895 920 964 quomodo
962 894 1216 962 quiddam
1257 894 1533 961 spiritibus

157 1001 443 1061 cognatum
473 1008 535 1040 ac
563 989 834 1041 familiare.
919 991 1114 1058 Neque
1152 989 1293 1039 enim
1332 999 1537 1039 temere

158 1085 238 1150 fit,
267 1099 326 1136 ut
352 1086 565 1155 quoties
591 1096 855 1153 apparent
884 1084 1095 1154 Angeli,
1130 1085 1324 1152 puerili
1352 1084 1536 1154 specie

160 1198 277 1233 sese
336 1179 561 1232 offerant
610 1179 792 1231 oculis,
896 1179 1209 1236 Quinetiam
1259 1179 1411 1248 Magi
1467 1178 1538 1229 si-

161 1274 379 1347 quando
407 1277 513 1325 suis
544 1275 955 1326 incantamentis
996 1276 1249 1344 Spiritum
1293 1275 1535 1338 eliciunt,

160 1371 213 1421 in
274 1370 483 1439 pueriie
539 1388 730 1438 corpus
785 1370 1028 1420 feruntur
1080 1388 1372 1421 accersere.
1468 1369 1540 1419 At

163 1476 365 1536 quanto
408 1466 658 1516 libentius
706 1467 966 1516 SP1R1TUS
1002 1465 1092 1516 ille
1134 1467 1396 1527 DiviNUS‚
1440 1465 1540 1533 piis

161 1579 222 1612 ac
257 1562 450 1613 sanctis
484 1574 735 1613 evocatus
763 1562 911 1624 votis,
954 1560 1006 1609 in
1039 1558 1341 1628 hujusmodi
1369 1558 1537 1609 domi-

161 1657 283 1708 cilia
315 1655 670 1727 demigrabit!
756 1659 897 1725 Ergo
935 1654 999 1705 ad
1033 1655 1121 1704 bas
1159 1667 1357 1704 naturae
1386 1654 1540 1705 dotes

161 1753 205 1803 si
247 1754 531 1802 accesserit
577 1753 768 1802 summi
813 1752 956 1801 illius
1005 1760 1061 1800 et
1105 1749 1332 1799 absoluti
1376 1749 1538 1799 Pueri

161 1846 406 1908 imitatio,
451 1862 561 1896 tum
590 1846 804 1896 demum
833 1858 890 1896 et
915 1844 1050 1914 grati
1076 1845 1129 1894 in
1159 1845 1323 1906 illum,
1367 1857 1421 1894 et
1449 1842 1539 1893 illo

161 1942 310 2012 digni
340 1943 490 2010 pueri
520 1941 878 1992 videbimur&
961 1940 1171 1990 Etenim
1208 1941 1283 1990 sic
1325 1957 1539 2009 prome-

159 2037 321 2089 ritum
345 2040 463 2106 quis
492 2042 717 2105 posset†
750 2054 849 2087 non
877 2036 1085 2087 amare?
1140 2037 1338 2086 Verum
1368 2038 1540 2087 enim-

159 2149 285 2184 vero
307 2149 370 2183 ea
388 2133 496 2182 veri
522 2132 713 2182 amoris
731 2131 804 2182 vis
827 2144 923 2195 est,
954 2142 1012 2181 ut
1039 2129 1152 2200 ejus
1175 2130 1362 2200 quodss
1395 2149 1540 2182 ames

159 2227 320 2295 quam
370 2226 667 2277 simillimus
724 2243 840 2277 esse
893 2227 1093 2294 cupias.
1175 2226 1337 2281 Quod
1388 2226 1430 2275 si
1486 2226 1538 2275 in

161 2319 312 2371 nobis
350 2319 515 2371 efficit
557 2339 703 2372 amor
746 2321 1023 2384 humanus,
1076 2333 1335 2390 quantuni
1373 2339 1540 2371 aemu—

159 2414 307 2473 laudi
334 2417 567 2466 studium
595 2417 853 2467 excitabit
878 2435 1025 2467 amor
1056 2418 1302 2479 Divinus,
1333 2415 1421 2466 cui
1449 2414 1541 2467 ille

161 2509 408 2574 collatuS‚
450 2512 539 2561 vix
570 2513 756 2562 amoris
787 2511 1016 2562 umbella
1043 2509 1153 2562 est!
1238 2509 1471 2562 Proinde
1500 2511 1539 2559 si

221 2662 248 2688 *-
279 2656 702 2696 videbuntur—Bab.
724 2663 759 2696 et
782 2656 886 2694 Cerv.
912 2656 1026 2701 1519,
1053 2661 1088 2691 et
1108 2654 1218 2695 Frob.
1236 2656 1347 2699 1540,
1378 2657 1436 2693 80.

228 2733 255 2781 ’ς-
284 2731 571 2780 possit—ibid.
793 2729 815 2782 1
848 2740 968 2779 quem
986 2726 1295 2773 -Fr0b.1540‚
1328 2729 1384 2766 80.

1755 266 1814 309 19

1571 2154 1714 2192 Similis
1741 2167 1825 2191 esse

1572 2209 1685 2257 cupis
1705 2209 1739 2245 ei

1571 2274 1690 2312 quem
1702 2274 1829 2299 amas.
