1989 3288
126 274 194 315 20

997 276 1214 316 CONCIO

419 437 541 471 vere
582 430 742 489 atque
770 437 836 470 ex
863 418 1039 469 animo
1069 437 1172 469 non
1199 419 1360 471 verbo
1408 431 1563 470 tenus
1600 420 1788 472 JESUM

420 532 672 576 amamus,
732 514 922 563 JESUM
974 531 1073 581 pro
1127 527 1305 564 nostra
1351 512 1489 563 virili
1539 529 1795 563 conemur

419 610 740 678 exprimere,
799 607 882 658 vel
919 608 1095 676 potius
1137 609 1186 658 in
1231 607 1378 658 illum
1419 607 1790 658 transformari.

422 704 583 762 Quod
606 705 644 754 si
673 705 861 753 Virum
887 703 1093 770 assequi
1121 721 1224 753 non
1250 721 1529 770 possumus
1552 721 1562 753 :
1605 701 1794 752 saltem

418 800 568 870 pueri
597 801 826 850 Puerum
858 798 1139 848 imitemur.
1222 797 1544 865 Quanquam
1574 796 1671 846 hoc
1709 795 1794 864 ip-

418 916 532 947 sum
578 895 786 945 facinus
826 909 905 944 est
944 893 1355 961 haudquaquam
1404 890 1628 959 puerile,
1690 890 1795 940 imo

420 991 675 1043 senilibus
726 991 889 1042 etiam
927 990 1122 1039 viribus
1157 985 1343 1056 majus,
1389 987 1478 1036 sed
1505 985 1644 1054 quod
1679 984 1792 1036 fere

420 1105 678 1156 nusquam
729 1084 983 1136 succedat
1034 1083 1243 1134 felicius
1295 1081 1451 1150 quam
1500 1082 1551 1131 iu
1598 1080 1791 1150 pueris.

421 1184 633 1235 Etenim
676 1182 887 1251 quoties
927 1179 1202 1249 negotium
1228 1177 1291 1227 ab
1321 1178 1555 1227 humano
1592 1175 1795 1244 pendet

418 1277 680 1347 praesidio,
726 1289 834 1326 tum
866 1276 1038 1337 robur,
1079 1289 1221 1336 aetaS,
1251 1291 1408 1324 sexus
1436 1271 1792 1341 expenditur:

417 1391 601 1424 verum
632 1372 718 1422 ubi
748 1371 933 1441 gratiae
960 1389 1045 1422 res
1071 1370 1263 1439 agitur,
1297 1386 1399 1418 non
1431 1381 1649 1430 naturae,
1679 1378 1792 1417 tum

418 1467 518 1519 hoc
548 1466 817 1518 efficacius
846 1466 1021 1517 exerit
1047 1483 1163 1516 sese
1193 1463 1507 1514 miraculum
1542 1463 1789 1532 Spiritus,

419 1580 526 1632 quo
549 1562 723 1612 minus
748 1572 860 1611 erat
889 1560 1006 1628 opis
1034 1578 1094 1610 ac
1122 1559 1331 1610 fiduciae
1359 1560 1408 1608 in
1436 1577 1610 1610 carne.
1677 1559 1795 1610 De-

420 1660 582 1727 nique
629 1656 755 1727 quid
803 1655 1127 1718 dubitemus,
1188 1667 1278 1704 aut
1325 1652 1628 1704 diffidamus
1678 1651 1796 1720 ipso

417 1753 701 1815 formante,
771 1751 1032 1821 fingente,
1094 1768 1154 1801 ac
1214 1748 1622 1799 transformante
1676 1765 1792 1809 nos,

418 1867 582 1919 quem
632 1865 887 1899 conamur
933 1844 1277 1914 exprimere?
1388 1844 1523 1901 Quis
1576 1842 1794 1894 Danieli

417 1961 585 2012 puero
621 1954 827 1993 tantum
864 1940 1070 1992 addidit
1096 1938 1433 2008 prudentiae?
1479 1938 1595 2007 quis
1623 1954 1794 2006 puero

423 2038 697 2090 Solomoni
735 2049 941 2088 tantum
978 2037 1164 2088 tribuit
1196 2033 1506 2103 sapientiae?
1552 2033 1671 2103 quis
1697 2031 1794 2083 tri-

420 2134 520 2185 bus
555 2133 659 2185 illis
703 2134 891 2185 Pueris
932 2145 1137 2183 tantum
1173 2129 1415 2199 adjunxit
1455 2128 1785 2180 tolerantiae?

418 2228 534 2298 quis
560 2247 789 2298 puerum
812 2228 950 2299 Hely
968 2233 1000 2264 *
1031 2228 1251 2299 dignum
1273 2226 1471 2276 Divino
1501 2226 1631 2277 fecit
1658 2223 1791 2275 allo-

420 2323 582 2393 quio?
649 2325 765 2394 quis
816 2322 1045 2375 Nicolao
1090 2322 1299 2392 puero?
1366 2325 1484 2392 quis
1533 2320 1792 2392 AEgidio?

417 2419 536 2488 quis
563 2419 898 2470 Benedicto?
942 2419 1058 2488 quis
1088 2417 1288 2487 Agneti
1317 2416 1331 2466 ?
1378 2418 1495 2486 quis
1526 2416 1786 2468 Ceciliae?

469 2563 495 2591 >³⁶
527 2559 804 2598 Heli—Frob.
824 2565 859 2597 et
880 2558 980 2597 Cerv.
1008 2559 1121 2602 1519,
1152 2564 1187 2595 et
1209 2558 1316 2596 Frob.
1345 2560 1456 2602 1540,
1476 2560 1532 2596 80.

476 2634 586 2672 Voces
608 2646 776 2683 puerum
799 2634 1037 2676 Samuelem,
1049 2634 1178 2684 priore
1196 2633 1232 2670 in
1250 2632 1398 2670 Erasmi
1415 2632 1644 2683 autographo
1662 2630 1793 2669 abbre-

421 2710 532 2753 tiata,
557 2717 753 2761 perperam
777 2708 905 2760 legisse
924 2708 1095 2746 videntur
1114 2708 1357 2758 exscriptor-es
1374 2717 1542 2754 puerum
1563 2705 1667 2748 Heli,
1698 2704 1796 2754 quod

422 2783 537 2820 cuivis
557 2782 738 2834 specimen
755 2780 927 2834 opusculo
944 2781 1027 2819 kuic
1046 2794 1234 2819 annexum
1254 2780 1461 2832 inspicienti
1471 2778 1591 2826 facile
1605 2778 1761 2831 patebit.
