1989 3288
77 1122 294 1164 Adon-anda

78 1177 212 1224 potius

76 1232 200 1278 quam

74 1285 310 1332 expncanda

73 1337 260 1385 majestas

73 1392 182 1431 JESU.

975 302 1205 340 CONCIO.

383 437 512 506 quid
539 437 711 490 simile
739 458 973 510 unquam
1000 451 1093 490 aut
1119 438 1342 501 factum,
1383 449 1477 488 aut
1504 438 1765 504 auditum,

383 543 477 583 aut
511 534 845 603 cogitatum?
928 536 980 585 Si
1024 553 1220 605 magna
1255 533 1590 602 suspicimuS,
1635 534 1766 604 quid

380 641 560 679 nostro
593 631 733 681 JESU
788 630 958 681 modis
999 632 1246 682 omnibus
1293 629 1537 698 amplius,
1594 648 1762 698 quem

379 723 525 774 nulla
557 740 803 777 creatura
835 727 997 795 possit
1028 726 1107 776 vel
1141 727 1444 795 exprimere
1483 743 1634 786 voce,
1678 725 1766 777 vel

376 820 708 888 cogitatione
736 821 1060 889 concipere?
1131 819 1304 890 Hujus
1335 819 1764 890 magnitudinem

377 915 468 982 qui
498 915 627 966 velit
651 919 893 967 oratione
921 916 1226 985 complecti,
1271 918 1313 966 is
1342 917 1513 967 multo
1549 916 1764 967 stultius

376 1024 518 1080 agat,
563 1012 722 1080 quam
762 1014 804 1063 si
842 1025 1068 1064 conetur
1108 1014 1462 1063 vastissimum
1500 1031 1762 1065 oceanum

378 1124 609 1177 angusto
671 1108 954 1160 exhaurire
1016 1108 1225 1179 cyatho.
1332 1107 1621 1159 Adoranda
1680 1121 1764 1165 est

378 1200 492 1271 ejus
555 1204 882 1255 immensitas
954 1206 1120 1275 magis
1186 1205 1343 1274 quam
1415 1204 1758 1273 explicanda,

377 1316 535 1366 quani
565 1300 643 1349 vel
676 1302 774 1350 hoc
803 1300 919 1369 ipso
944 1301 1109 1370 magis
1138 1301 1315 1350 mirari
1340 1302 1608 1365 convenit,
1648 1318 1758 1370 quo

375 1394 550 1443 minus
577 1395 924 1465 assequimur.
1008 1394 1156 1452 Quid
1203 1396 1254 1444 ni
1300 1414 1391 1445 nos
1415 1399 1447 1431 ἐκ
1476 1395 1754 1458 faciamus,

374 1507 496 1540 cum
539 1509 762 1559 magnus
806 1491 896 1543 ille
946 1494 1256 1543 Praecursor
1300 1491 1587 1561 indignum
1634 1509 1753 1543 sese

371 1586 716 1652 pronunciet,
778 1587 868 1655 qui
920 1587 1205 1657 corrigiam
1259 1587 1751 1638 calceamentorum

369 1677 487 1747 ejus
516 1678 682 1730 solvat
708 1679 723 1729 ?

441 1775 607 1844 Agite
636 1776 812 1846 igitur,
856 1778 1011 1846 pueri
1041 1780 1354 1842 suavissimi,
1397 1780 1496 1829 hoc
1527 1791 1633 1829 tam
1662 1777 1750 1829 in—

363 1867 507 1939 clyto
531 1889 699 1939 puero
716 1874 851 1924 JESU
882 1874 1241 1944 Praeceptore,
1291 1877 1391 1926 hoc
1415 1890 1518 1925 tam
1547 1874 1750 1945 insigni

360 1965 537 2031 Duce,
580 1982 764 2018 sancta
800 1970 1052 2038 superbia
1080 1971 1389 2041 gloriemur,
1430 1969 1584 2040 hujus
1619 1970 1745 2021 sub-

358 2059 552 2112 limitas
590 2064 742 2113 nobis
784 2064 844 2114 ad
880 2066 966 2133 pie
995 2067 1303 2118 audendum
1332 2068 1536 2117 animos
1563 2065 1743 2131 addat,

358 2157 410 2207 in
457 2158 557 2210 hoc
599 2179 704 2211 uno
748 2164 899 2212 nobis
935 2164 1035 2232 ipsi
1077 2162 1407 2230 placeamUS‚
1465 2176 1521 2212 ut
1559 2161 1743 2212 existi*

357 2265 561 2304 mantes
585 2255 725 2305 illius
751 2258 930 2306 omnia
955 2257 1106 2307 nobis
1134 2277 1253 2310 esse
1279 2257 1599 2321 communia,
1643 2275 1741 2308 nos

357 2347 499 2415 ipsos
538 2349 786 2401 meliores
829 2352 1163 2415 arbitremur,
1219 2352 1379 2422 quam
1432 2353 1525 2421 qui
1575 2351 1743 2403 semel

357 2441 444 2492 tali
486 2442 683 2495 addicti
729 2446 1065 2513 Imperatori,
1109 2449 1308 2498 mundo
1351 2448 1585 2510 vitiisve‚
1625 2464 1740 2498 sor-

356 2537 647 2590 didissimis
671 2542 860 2611 utique
888 2541 1117 2592 dominis
1146 2543 1454 2593 serviamus.

434 2688 459 2715 ⁵⁶
490 2688 527 2724 id
548 2688 742 2726 faciamus
757 2688 932 2729 -Frob.
950 2697 988 2728 et
1009 2689 1113 2729 Cerv.
1140 2692 1254 2736 1519,
1285 2697 1321 2729 et
1339 2690 1450 2729 Frob,
1476 2692 1591 2736 1540,
1611 2692 1668 2729 80.
