1989 3288
593 271 665 307 DE
707 271 896 308 PVERO
940 272 1081 310 IEsV.

148 412 360 462 Veritas
391 413 440 462 in
470 412 783 484 Evangelio,
815 431 937 463 cum
964 414 1070 464 ait:
1114 412 1534 484 Tollitejugum

147 525 329 559 meum
348 526 508 576 super
530 527 635 570 VOS,
666 524 720 561 et
744 507 1032 559 invenietis
1057 508 1304 577 requiem
1328 509 1532 560 anima-

150 602 248 653 bus
275 604 461 654 vestris
487 621 497 653 ε
533 602 732 674 jugum
759 604 904 654 enim
931 621 1113 653 meum
1142 621 1303 653 suave
1332 614 1429 665 est,
1475 614 1531 654 et

147 716 284 748 onus
321 716 502 750 meum
545 698 677 749 leve.
762 701 909 762 Haec,
959 699 1227 762 nimirum,
1278 716 1401 749 vere
1451 712 1533 750 est

149 791 316 843 ardua
358 793 451 842 illa
492 793 704 842 virtutis
745 794 847 855 via,
898 812 1060 863 quam
1108 804 1163 844 et
1205 794 1330 845 olim
1380 807 1530 845 tanto

148 900 276 938 ante
300 890 604 940 CHRISTUM
629 903 908 958 utcunque
931 889 1215 940 somniavit
1240 889 1528 954 Hesiodus,

147 982 322 1050 primo
372 982 523 1033 aditu
574 985 828 1053 asperior,
886 1003 1173 1055 progressu
1220 1004 1431 1055 semper
1477 1000 1532 1037 et

148 1077 378 1143 facilior,
407 1092 462 1130 et
489 1079 762 1129 amoenior.
835 1080 940 1131 Sed
969 1079 1098 1149 quid
1130 1080 1346 1132 tandem
1376 1098 1530 1149 aspe-

148 1190 265 1224 rum
304 1172 474 1224 videri
518 1186 711 1242 potest,
757 1194 864 1243 quo
908 1173 974 1224 ad
1019 1186 1123 1225 tam
1167 1176 1380 1245 ingens,
1424 1188 1531 1227 tam

148 1281 359 1318 certum
401 1269 508 1319 itur
554 1270 873 1337 praemium?
938 1270 1013 1334 Si,
1049 1268 1212 1339 juxta
1263 1271 1532 1339 Sapientis

147 1361 374 1427 dictum,
416 1383 536 1433 spes
567 1365 771 1432 praemii
803 1365 997 1416 minuit
1023 1365 1132 1415 vim
1162 1365 1379 1435 flagelli,
1412 1367 1532 1435 quis

148 1458 203 1510 in
234 1460 330 1510 bac
354 1473 737 1511 momentanea
761 1462 882 1523 vita,
928 1479 1030 1510 non
1059 1460 1195 1523 leve,
1242 1479 1345 1511 non
1373 1461 1533 1514 dulce

138 1552 372 1622 judicet,
435 1575 543 1625 quo
593 1556 872 1608 coelestem
920 1555 1085 1619 illam,
1152 1568 1207 1607 et
1260 1576 1530 1628 nunquam

148 1649 437 1701 desituram
468 1652 571 1702 sibi
601 1664 756 1721 paret
781 1652 962 1714 vitam,
1009 1661 1268 1702 aeternum
1307 1671 1532 1723 regnare

147 1763 272 1796 cum
303 1747 580 1811 CHRISTO‚
625 1747 838 1798 assidue
866 1764 1134 1798 summum
1160 1745 1294 1796 illu-1
1332 1748 1532 1801 intueri

148 1840 367 1902 bonum,
426 1843 622 1892 versari
676 1843 727 1892 in
781 1842 1110 1912 Angelorum
1154 1844 1529 1909 contubernio,

148 1936 215 1985 ab
242 1936 389 1986 omni
421 1936 678 1987 malorum
710 1951 855 1988 metu
887 1937 1070 2006 procul
1099 1938 1324 1988 abesse?
1371 1939 1528 2001 Quis,

149 2049 261 2093 or0‚
303 2044 507 2081 tantum
538 2033 636 2081 hoc
668 2033 965 2100 praemium,
1012 2051 1115 2082 non
1147 2032 1228 2084 vel
1261 2034 1531 2083 sexcentis

147 2126 409 2177 mortibus
438 2140 681 2194 emptum
715 2126 880 2177 velit?
964 2128 1131 2197 Atqui
1183 2130 1280 2179 hoc
1323 2141 1530 2200 tantum

150 2219 458 2272 donativum
490 2221 778 2290 pollicetur
802 2222 1063 2273 militibus
1090 2225 1200 2274 suis
1236 2226 1531 2290 Imperator

151 2327 329 2367 noster
363 2318 552 2382 JESUS,
596 2318 691 2388 qui
737 2337 915 2388 neque
961 2318 1148 2370 fallere
1192 2331 1387 2387 potest,
1431 2337 1530 2370 ne·

149 2429 256 2481 que
299 2412 513 2462 mentiri
562 2414 724 2464 novit.
801 2416 919 2465 Jam
960 2414 1106 2482 apud
1145 2426 1352 2465 vosmet
1387 2415 1531 2483 ipsos

148 2507 444 2576 expendite
465 2508 672 2559 fructus
700 2510 1071 2572 aeternitatem‚
1114 2528 1173 2559 ae
1200 2508 1531 2579 magnitudi-

151 2618 292 2666 nem,
333 2615 539 2667 contra‚
587 2602 745 2673 quem
783 2605 943 2656 breve
970 2602 1130 2674 hujus
1156 2604 1364 2655 militiae
1392 2615 1530 2656 tem-

150 2714 270 2765 puS,
323 2698 594 2763 nimirum,
639 2699 781 2752 haud
818 2698 1032 2771 longius
1073 2701 1189 2769 ipsa
1222 2700 1349 2764 vita,
1408 2717 1527 2768 quae

1575 1381 1671 1427 Spes
1707 1434 1727 1440 ..

1578 1445 1744 1482 praernn.

1757 267 1818 310 31
