1989 3288
616 309 687 348 DE
728 311 918 348 PVERO
961 310 1103 348 IESV.

171 449 310 502 liber
346 448 411 500 ab
450 447 750 513 affectibus,
795 466 1032 512 securus,
1074 465 1285 516 semper
1314 447 1554 519 gaudens

175 545 244 596 ob
272 543 641 595 testimonium
670 543 1033 607 conscientiae,
1078 542 1225 594 nulla
1268 542 1335 594 de
1379 561 1435 594 re
1469 561 1553 593 so-

175 639 376 701 licitus,
398 638 552 703 altUS,
575 639 834 700 sublimiS‚
857 657 914 688 ac
940 638 1079 688 coelo
1099 639 1394 705 proximus,
1411 636 1554 706 jam-

175 752 282 804 que
320 752 480 802 supra
518 747 714 784 sortem
759 732 1066 795 humanam,
1112 734 1206 802 qui
1231 736 1262 769 '³5
1300 734 1555 784 CHRISTO

175 828 537 881 excelsissima
575 840 725 897 petra
763 829 941 890 nixus,
989 845 1172 878 omnes
1200 826 1359 896 hujus
1387 827 1555 878 seculi

175 923 347 987 fucos,
408 923 687 986 tumultUS,
749 921 1006 990 procellas
1070 940 1140 972 ex
1199 922 1306 972 alto
1365 921 1553 986 rideat,

177 1018 436 1088 negligat,
503 1017 588 1070 vel
635 1018 813 1087 potius
862 1015 1304 1068 commiseretur!
1407 1016 1554 1072 Quid

178 1123 358 1166 autem
402 1114 590 1165 timeat
629 1114 690 1176 is,
742 1113 835 1182 qui
877 1123 1334 1181 propugnatorem
1365 1111 1560 1161 habeat

179 1209 401 1261 DEUM?
484 1209 841 1279 Ignominiam
866 1209 880 1259 ?
962 1209 1034 1258 At
1063 1226 1272 1258 summa
1290 1219 1368 1257 est
1389 1206 1561 1277 gloria

178 1323 277 1375 pro
337 1305 593 1356 CHRISTO
667 1304 1016 1372 ignominiam
1084 1305 1214 1372 pati.
1318 1305 1558 1372 Pauper-

181 1399 383 1452 tatem?
463 1400 536 1450 At
588 1417 752 1467 opum
808 1401 1066 1450 sarcinam
1113 1399 1305 1450 lubens
1357 1397 1560 1467 abjicit,

182 1497 430 1568 quisquis
477 1496 540 1547 ad
590 1497 894 1547 CHRISTUM
939 1506 1206 1564 properat.
1291 1495 1558 1546 Mortem?

185 1592 258 1641 At
301 1608 365 1642 ea
408 1591 644 1642 maxime
690 1592 743 1642 iu
787 1591 924 1642 votis
966 1601 1064 1654 est,
1109 1608 1208 1659 per
1249 1592 1410 1659 quam
1458 1592 1562 1641 scit

184 1705 301 1740 sese
336 1687 398 1739 ad
435 1687 788 1740 immortalem
832 1686 996 1737 vitam
1037 1703 1153 1735 esse
1197 1686 1561 1737 transmitten-

186 1781 330 1832 dum.
411 1782 539 1838 Qua
578 1781 644 1833 de
683 1800 739 1832 re
776 1781 845 1831 sit
890 1779 1151 1843 solicitus,
1206 1778 1360 1848 cujus
1403 1781 1563 1831 Pater

187 1874 422 1928 coelestis
474 1878 635 1927 etiam
712 1875 850 1945 pilos
913 1875 1074 1926 habet
1142 1875 1557 1926 annumeratos?

187 1964 338 2028 Quid
368 1985 547 2022 autem
578 1971 765 2039 cupiat
792 1971 855 2033 is,
901 1970 995 2039 qui
1039 1970 1092 2019 in
1137 1970 1391 2020 CHRlsTO
1437 1987 1559 2037 pos-

185 2064 329 2117 sidet
351 2065 566 2116 omnia?
612 2064 761 2122 Quid
789 2065 935 2116 enim
961 2084 1058 2116 non
1089 2082 1373 2115 commune
1397 2083 1563 2115 mem-

184 2159 294 2211 bris
319 2172 374 2211 et
401 2160 570 2227 capiti
596 2158 609 2208 ?
691 2162 811 2211 Jam
840 2177 964 2210 vero
999 2172 1198 2227 quanta
1226 2172 1305 2209 est
1333 2158 1563 2209 hominis

188 2271 292 2304 non
340 2253 501 2305 modo
544 2254 794 2317 felicitaS‚
853 2272 1039 2305 verum
1091 2254 1254 2305 etiam
1312 2254 1560 2323 dignitas,

190 2350 370 2400 vivum
422 2368 537 2400 esse
591 2349 888 2402 membrum
952 2350 1275 2399 sanctissimi
1324 2350 1565 2416 corporis

189 2443 468 2508 Ecclesiae,
511 2443 654 2495 idem
699 2463 815 2497 esse
856 2462 977 2494 cum
1017 2446 1294 2507 CHRISTO,
1338 2443 1562 2495 eandem

190 2556 427 2602 carnem,
471 2538 708 2590 eundem
746 2540 1014 2608 spiritum,
1059 2555 1400 2587 communem
1440 2556 1565 2588 cum

189 2630 284 2684 illo
305 2632 503 2684 habere
530 2632 745 2684 Patrem
762 2633 819 2683 in
841 2633 1012 2696 eoelis,
1042 2634 1343 2684 CHRISTUM
1369 2633 1566 2686 habere

263 2775 290 2804 *
322 2776 390 2824 qui
413 2776 449 2812 in
472 2776 628 2813 Christo
640 2773 803 2814 —Fr-ob.
825 2782 858 2814 ει
883 2775 987 2814 Cerv.
1014 2775 1127 2820 1519,
1157 2782 1190 2812 ec
1210 2773 1319 2814 Frob.
1346 2777 1458 2821 1540,
1488 2776 1540 2813 80.

1776 297 1839 341 35

1595 745 1801 780 eumerus

1593 796 1737 833 firmat.
