<?xml version="1.0" encoding="UTF-8"?>
<!DOCTYPE html PUBLIC "-//W3C//DTD XHTML 1.0 Transitional//EN"
    "http://www.w3.org/TR/xhtml1/DTD/xhtml1-transitional.dtd">
<html xmlns="http://www.w3.org/1999/xhtml" xml:lang="en" lang="en">
 <head>
  <title>
</title>
<meta http-equiv="Content-Type" content="text/html;charset=utf-8" />
  <meta name='ocr-system' content='tesseract 3.04.00' />
  <meta name='ocr-capabilities' content='ocr_page ocr_carea ocr_par ocr_line ocrx_word'/>
</head>
<body>
  <div class='ocr_page' id='page_1' title='image "./conciodepuerojes00erasuoft_0036.png"; bbox 0 0 1989 3288; ppageno 0'>
   <div class='ocr_carea' id='block_1_1' title="bbox 100 287 1193 332">
    <p class='ocr_par' dir='ltr' id='par_1_1' title="bbox 100 287 1193 332">
     <span class='ocr_line' id='line_1_1' title="bbox 100 287 1193 332; baseline 0.003 -4"><span class='ocrx_word' id='word_1_1' title='bbox 100 287 167 329; x_wconf 73' lang='grc'>24·</span> <span class='ocrx_word' id='word_1_2' title='bbox 979 295 1193 332; x_wconf 76' lang='lat' dir='ltr'><strong>CONCIO</strong></span> 
     </span>
    </p>
   </div>
   <div class='ocr_carea' id='block_1_2' title="bbox 98 435 1773 1167">
    <p class='ocr_par' dir='ltr' id='par_1_2' title="bbox 98 435 1773 1167">
     <span class='ocr_line' id='line_1_2' title="bbox 395 435 1769 508; baseline 0.004 -24"><span class='ocrx_word' id='word_1_3' title='bbox 395 436 483 486; x_wconf 85' lang='lat' dir='ltr'>tia.</span> <span class='ocrx_word' id='word_1_4' title='bbox 592 435 856 485; x_wconf 80' lang='lat' dir='ltr'>Nimirum</span> <span class='ocrx_word' id='word_1_5' title='bbox 922 435 1023 485; x_wconf 90' lang='lat' dir='ltr'>hoc</span> <span class='ocrx_word' id='word_1_6' title='bbox 1083 435 1299 487; x_wconf 90' lang='lat' dir='ltr'>nomine</span> <span class='ocrx_word' id='word_1_7' title='bbox 1355 437 1549 505; x_wconf 79' lang='lat' dir='ltr'>gratias</span> <span class='ocrx_word' id='word_1_8' title='bbox 1604 455 1769 508; x_wconf 89' lang='lat' dir='ltr'>agens</span> 
     </span>
     <span class='ocr_line' id='line_1_3' title="bbox 395 530 1772 599; baseline 0.002 -19"><span class='ocrx_word' id='word_1_9' title='bbox 395 531 572 581; x_wconf 85' lang='lat' dir='ltr'>Patri:</span> <span class='ocrx_word' id='word_1_10' title='bbox 639 531 927 594; x_wconf 80' lang='lat' dir='ltr'>Quoniam,</span> <span class='ocrx_word' id='word_1_11' title='bbox 971 532 1164 599; x_wconf 78' lang='lat' dir='ltr'>inquit,</span> <span class='ocrx_word' id='word_1_12' title='bbox 1219 530 1544 580; x_wconf 79' lang='lat' dir='ltr'>abscondisti</span> <span class='ocrx_word' id='word_1_13' title='bbox 1587 532 1702 583; x_wconf 85' lang='lat' dir='ltr'>haec</span> <span class='ocrx_word' id='word_1_14' title='bbox 1740 532 1772 582; x_wconf 67' lang='grc' dir='ltr'>ἐι</span> 
     </span>
     <span class='ocr_line' id='line_1_4' title="bbox 396 625 1773 693; baseline 0.003 -19"><span class='ocrx_word' id='word_1_15' title='bbox 396 625 746 693; x_wconf 85' lang='lat' dir='ltr'>sapientibus,</span> <span class='ocrx_word' id='word_1_16' title='bbox 791 640 845 677; x_wconf 93' lang='lat' dir='ltr'>et</span> <span class='ocrx_word' id='word_1_17' title='bbox 872 626 1113 676; x_wconf 67' lang='lat' dir='ltr'>revelasti</span> <span class='ocrx_word' id='word_1_18' title='bbox 1141 629 1249 677; x_wconf 59' lang='lat' dir='ltr'>ea*</span> <span class='ocrx_word' id='word_1_19' title='bbox 1279 625 1525 693; x_wconf 67' lang='lat' dir='ltr'>parvulis</span> <span class='ocrx_word' id='word_1_20' title='bbox 1609 627 1773 679; x_wconf 74' lang='lat' dir='ltr'>Porro</span> 
     </span>
     <span class='ocr_line' id='line_1_5' title="bbox 391 720 1770 790; baseline 0.001 -20"><span class='ocrx_word' id='word_1_21' title='bbox 391 738 458 771; x_wconf 91' lang='lat' dir='ltr'>ne</span> <span class='ocrx_word' id='word_1_22' title='bbox 504 720 714 771; x_wconf 81' lang='lat' dir='ltr'>stultam</span> <span class='ocrx_word' id='word_1_23' title='bbox 763 721 915 790; x_wconf 83' lang='lat' dir='ltr'>hujus</span> <span class='ocrx_word' id='word_1_24' title='bbox 960 721 1160 785; x_wconf 86' lang='lat' dir='ltr'>mundi,</span> <span class='ocrx_word' id='word_1_25' title='bbox 1204 740 1264 771; x_wconf 89' lang='lat' dir='ltr'>ac</span> <span class='ocrx_word' id='word_1_26' title='bbox 1295 721 1525 772; x_wconf 82' lang='lat' dir='ltr'>fucatam</span> <span class='ocrx_word' id='word_1_27' title='bbox 1556 723 1770 790; x_wconf 86' lang='lat' dir='ltr'>sapien-</span> 
     </span>
     <span class='ocr_line' id='line_1_6' title="bbox 392 813 1772 887; baseline 0.003 -24"><span class='ocrx_word' id='word_1_28' title='bbox 392 813 517 863; x_wconf 88' lang='lat' dir='ltr'>tiam</span> <span class='ocrx_word' id='word_1_29' title='bbox 547 813 934 878; x_wconf 78' lang='lat' dir='ltr'>affectaremus,</span> <span class='ocrx_word' id='word_1_30' title='bbox 980 818 1222 884; x_wconf 86' lang='lat' dir='ltr'>protinus</span> <span class='ocrx_word' id='word_1_31' title='bbox 1245 815 1462 885; x_wconf 78' lang='lat' dir='ltr'>adjecit,</span> <span class='ocrx_word' id='word_1_32' title='bbox 1510 819 1574 867; x_wconf 84' lang='lat' dir='ltr'>Et</span> <span class='ocrx_word' id='word_1_33' title='bbox 1602 817 1772 887; x_wconf 88' lang='lat' dir='ltr'>gratia</span> 
     </span>
     <span class='ocr_line' id='line_1_7' title="bbox 391 909 1771 982; baseline 0.003 -24"><span class='ocrx_word' id='word_1_34' title='bbox 391 909 500 959; x_wconf 80' lang='lat' dir='ltr'>DEI</span> <span class='ocrx_word' id='word_1_35' title='bbox 538 923 651 958; x_wconf 84' lang='lat' dir='ltr'>erat</span> <span class='ocrx_word' id='word_1_36' title='bbox 698 911 746 959; x_wconf 90' lang='lat' dir='ltr'>in</span> <span class='ocrx_word' id='word_1_37' title='bbox 792 911 898 960; x_wconf 75' lang='lat' dir='ltr'>iilo.</span> <span class='ocrx_word' id='word_1_38' title='bbox 980 912 1028 961; x_wconf 90' lang='lat' dir='ltr'>Is</span> <span class='ocrx_word' id='word_1_39' title='bbox 1054 930 1177 962; x_wconf 84' lang='lat' dir='ltr'>vero</span> <span class='ocrx_word' id='word_1_40' title='bbox 1223 911 1436 962; x_wconf 86' lang='lat' dir='ltr'>demum</span> <span class='ocrx_word' id='word_1_41' title='bbox 1481 912 1635 981; x_wconf 86' lang='lat' dir='ltr'>sapit,</span> <span class='ocrx_word' id='word_1_42' title='bbox 1677 913 1771 982; x_wconf 86' lang='lat' dir='ltr'>qui</span> 
     </span>
     <span class='ocr_line' id='line_1_8' title="bbox 390 1004 1769 1076; baseline 0.004 -23"><span class='ocrx_word' id='word_1_43' title='bbox 390 1004 588 1054; x_wconf 88' lang='lat' dir='ltr'>mundo</span> <span class='ocrx_word' id='word_1_44' title='bbox 609 1005 821 1072; x_wconf 78' lang='lat' dir='ltr'>desipit,</span> <span class='ocrx_word' id='word_1_45' title='bbox 851 1023 906 1057; x_wconf 85' lang='lat' dir='ltr'>et</span> <span class='ocrx_word' id='word_1_46' title='bbox 931 1005 998 1055; x_wconf 91' lang='lat' dir='ltr'>nil</span> <span class='ocrx_word' id='word_1_47' title='bbox 1027 1007 1122 1056; x_wconf 90' lang='lat' dir='ltr'>nisi</span> <span class='ocrx_word' id='word_1_48' title='bbox 1149 1009 1454 1058; x_wconf 75' lang='lat' dir='ltr'>CHRisTUM</span> <span class='ocrx_word' id='word_1_49' title='bbox 1481 1009 1635 1076; x_wconf 85' lang='lat' dir='ltr'>sapit.</span> <span class='ocrx_word' id='word_1_50' title='bbox 1717 1008 1769 1058; x_wconf 86' lang='lat' dir='ltr'>Is</span> 
     </span>
     <span class='ocr_line' id='line_1_9' title="bbox 98 1099 1768 1167; baseline 0.006 -23"><span class='ocrx_word' id='word_1_51' title='bbox 98 1107 296 1144; x_wconf 68' lang='lat' dir='ltr'>Canxsws</span> <span class='ocrx_word' id='word_1_52' title='bbox 390 1115 491 1148; x_wconf 88' lang='lat' dir='ltr'>non</span> <span class='ocrx_word' id='word_1_53' title='bbox 539 1099 567 1148; x_wconf 77' lang='grc' dir='ltr'>ὲ</span> <span class='ocrx_word' id='word_1_54' title='bbox 617 1099 1056 1167; x_wconf 81' lang='lat' dir='ltr'>Philosophorum</span> <span class='ocrx_word' id='word_1_55' title='bbox 1103 1102 1267 1166; x_wconf 84' lang='lat' dir='ltr'>libris,</span> <span class='ocrx_word' id='word_1_56' title='bbox 1332 1123 1436 1153; x_wconf 90' lang='lat' dir='ltr'>non</span> <span class='ocrx_word' id='word_1_57' title='bbox 1468 1104 1496 1155; x_wconf 77' lang='grc' dir='ltr'>ὲ</span> <span class='ocrx_word' id='word_1_58' title='bbox 1544 1104 1768 1155; x_wconf 87' lang='lat' dir='ltr'>Scoticis</span> 
     </span>
    </p>
   </div>
   <div class='ocr_carea' id='block_1_3' title="bbox 96 1172 1769 1268">
    <p class='ocr_par' dir='ltr' id='par_1_3' title="bbox 96 1172 1769 1268">
     <span class='ocr_line' id='line_1_10' title="bbox 96 1172 1769 1268; baseline 0.004 -25"><span class='ocrx_word' id='word_1_59' title='bbox 96 1172 295 1250; x_wconf 48' lang='grc' dir='ltr'>ἓὲἓεῑῖὲῗ</span> <span class='ocrx_word' id='word_1_60' title='bbox 390 1196 628 1263; x_wconf 84' lang='lat' dir='ltr'>argutiis,</span> <span class='ocrx_word' id='word_1_61' title='bbox 694 1196 784 1247; x_wconf 85' lang='lat' dir='ltr'>sed</span> <span class='ocrx_word' id='word_1_62' title='bbox 838 1199 1046 1248; x_wconf 86' lang='lat' dir='ltr'>sincera</span> <span class='ocrx_word' id='word_1_63' title='bbox 1092 1198 1198 1248; x_wconf 84' lang='lat' dir='ltr'>fide</span> <span class='ocrx_word' id='word_1_64' title='bbox 1248 1200 1608 1268; x_wconf 84' lang='lat' dir='ltr'>cognoscitur,</span> <span class='ocrx_word' id='word_1_65' title='bbox 1672 1216 1769 1268; x_wconf 87' lang='lat' dir='ltr'>spe</span> 
     </span>
    </p>
   </div>
   <div class='ocr_carea' id='block_1_4' title="bbox 96 1265 326 1303">
    <p class='ocr_par' dir='ltr' id='par_1_4' title="bbox 96 1265 326 1303">
     <span class='ocr_line' id='line_1_11' title="bbox 96 1265 326 1303; baseline 0.004 -1"><span class='ocrx_word' id='word_1_66' title='bbox 96 1279 144 1302; x_wconf 85' lang='lat' dir='ltr'>ex</span> <span class='ocrx_word' id='word_1_67' title='bbox 165 1265 326 1303; x_wconf 85' lang='lat' dir='ltr'>Scoticis</span> 
     </span>
    </p>
   </div>
   <div class='ocr_carea' id='block_1_5' title="bbox 98 1292 1224 1368">
    <p class='ocr_par' dir='ltr' id='par_1_5' title="bbox 98 1292 1224 1368">
     <span class='ocr_line' id='line_1_12' title="bbox 98 1292 1224 1368; baseline 0.002 -28"><span class='ocrx_word' id='word_1_68' title='bbox 98 1320 275 1368; x_wconf 78' lang='lat' dir='ltr'>argutiis.</span> <span class='ocrx_word' id='word_1_69' title='bbox 390 1301 620 1354; x_wconf 89' lang='lat' dir='ltr'>tenetur,</span> <span class='ocrx_word' id='word_1_70' title='bbox 666 1292 886 1341; x_wconf 83' lang='lat' dir='ltr'>caritate</span> <span class='ocrx_word' id='word_1_71' title='bbox 915 1292 1224 1343; x_wconf 83' lang='lat' dir='ltr'>devincitur.</span> 
     </span>
    </p>
   </div>
   <div class='ocr_carea' id='block_1_6' title="bbox 90 1386 1768 2501">
    <p class='ocr_par' dir='ltr' id='par_1_6' title="bbox 382 1386 1768 2404">
     <span class='ocr_line' id='line_1_13' title="bbox 460 1386 1767 1456; baseline 0.005 -20"><span class='ocrx_word' id='word_1_72' title='bbox 460 1388 579 1436; x_wconf 87' lang='lat' dir='ltr'>Jam</span> <span class='ocrx_word' id='word_1_73' title='bbox 607 1404 731 1437; x_wconf 85' lang='lat' dir='ltr'>vero</span> <span class='ocrx_word' id='word_1_74' title='bbox 759 1386 918 1456; x_wconf 73' lang='lat' dir='ltr'>quam</span> <span class='ocrx_word' id='word_1_75' title='bbox 949 1390 1116 1438; x_wconf 86' lang='lat' dir='ltr'>multa</span> <span class='ocrx_word' id='word_1_76' title='bbox 1145 1388 1327 1439; x_wconf 85' lang='lat' dir='ltr'>docuit</span> <span class='ocrx_word' id='word_1_77' title='bbox 1355 1407 1468 1452; x_wconf 85' lang='lat' dir='ltr'>nos,</span> <span class='ocrx_word' id='word_1_78' title='bbox 1509 1390 1602 1440; x_wconf 87' lang='lat' dir='ltr'>ubi</span> <span class='ocrx_word' id='word_1_79' title='bbox 1631 1390 1767 1442; x_wconf 90' lang='lat' dir='ltr'>duo-</span> 
     </span>
     <span class='ocr_line' id='line_1_14' title="bbox 387 1478 1766 1553; baseline 0.007 -24"><span class='ocrx_word' id='word_1_80' title='bbox 387 1478 566 1531; x_wconf 88' lang='lat' dir='ltr'>decim</span> <span class='ocrx_word' id='word_1_81' title='bbox 611 1493 761 1531; x_wconf 77' lang='lat' dir='ltr'>natus</span> <span class='ocrx_word' id='word_1_82' title='bbox 791 1501 974 1548; x_wconf 86' lang='lat' dir='ltr'>annos,</span> <span class='ocrx_word' id='word_1_83' title='bbox 1019 1483 1048 1534; x_wconf 72' lang='lat' dir='ltr'>a</span> <span class='ocrx_word' id='word_1_84' title='bbox 1083 1486 1391 1553; x_wconf 83' lang='lat' dir='ltr'>parentibus</span> <span class='ocrx_word' id='word_1_85' title='bbox 1429 1485 1610 1537; x_wconf 85' lang='lat' dir='ltr'>furtim</span> <span class='ocrx_word' id='word_1_86' title='bbox 1640 1487 1766 1538; x_wconf 91' lang='lat' dir='ltr'>sub-</span> 
     </span>
     <span class='ocr_line' id='line_1_15' title="bbox 387 1575 1766 1652; baseline 0.007 -27"><span class='ocrx_word' id='word_1_87' title='bbox 387 1575 536 1625; x_wconf 84' lang='lat' dir='ltr'>ducit</span> <span class='ocrx_word' id='word_1_88' title='bbox 564 1594 698 1638; x_wconf 88' lang='lat' dir='ltr'>sese,</span> <span class='ocrx_word' id='word_1_89' title='bbox 746 1596 812 1629; x_wconf 91' lang='lat' dir='ltr'>ne</span> <span class='ocrx_word' id='word_1_90' title='bbox 841 1580 982 1629; x_wconf 83' lang='lat' dir='ltr'>inter</span> <span class='ocrx_word' id='word_1_91' title='bbox 1009 1594 1160 1631; x_wconf 89' lang='lat' dir='ltr'>notos</span> <span class='ocrx_word' id='word_1_92' title='bbox 1187 1581 1425 1650; x_wconf 84' lang='lat' dir='ltr'>quidem,</span> <span class='ocrx_word' id='word_1_93' title='bbox 1455 1600 1515 1632; x_wconf 92' lang='lat' dir='ltr'>ac</span> <span class='ocrx_word' id='word_1_94' title='bbox 1547 1583 1766 1652; x_wconf 80' lang='lat' dir='ltr'>propin-</span> 
     </span>
     <span class='ocr_line' id='line_1_16' title="bbox 387 1675 1767 1746; baseline 0.007 -26"><span class='ocrx_word' id='word_1_95' title='bbox 387 1689 519 1739; x_wconf 91' lang='lat' dir='ltr'>quos</span> <span class='ocrx_word' id='word_1_96' title='bbox 548 1688 806 1739; x_wconf 60' lang='lat' dir='ltr'>reperim,</span> <span class='ocrx_word' id='word_1_97' title='bbox 853 1689 972 1742; x_wconf 80' lang='lat' dir='ltr'>post</span> <span class='ocrx_word' id='word_1_98' title='bbox 992 1676 1223 1726; x_wconf 85' lang='lat' dir='ltr'>triduum</span> <span class='ocrx_word' id='word_1_99' title='bbox 1253 1675 1490 1746; x_wconf 89' lang='lat' dir='ltr'>denique</span> <span class='ocrx_word' id='word_1_100' title='bbox 1518 1679 1767 1730; x_wconf 87' lang='lat' dir='ltr'>inventus</span> 
     </span>
     <span class='ocr_line' id='line_1_17' title="bbox 386 1764 1762 1829; baseline 0.007 -14"><span class='ocrx_word' id='word_1_101' title='bbox 386 1764 498 1815; x_wconf 83' lang='lat' dir='ltr'>est!</span> <span class='ocrx_word' id='word_1_102' title='bbox 599 1765 707 1817; x_wconf 88' lang='lat' dir='ltr'>Sed</span> <span class='ocrx_word' id='word_1_103' title='bbox 754 1768 840 1817; x_wconf 86' lang='lat' dir='ltr'>ubi</span> <span class='ocrx_word' id='word_1_104' title='bbox 887 1768 1100 1820; x_wconf 83' lang='lat' dir='ltr'>tandem</span> <span class='ocrx_word' id='word_1_105' title='bbox 1149 1771 1483 1829; x_wconf 52' lang='lat' dir='ltr'>inventuw?</span> <span class='ocrx_word' id='word_1_106' title='bbox 1540 1791 1667 1823; x_wconf 89' lang='lat' dir='ltr'>num</span> <span class='ocrx_word' id='word_1_107' title='bbox 1709 1773 1762 1824; x_wconf 90' lang='lat' dir='ltr'>in</span> 
     </span>
     <span class='ocr_line' id='line_1_18' title="bbox 385 1860 1766 1919; baseline 0.007 -9"><span class='ocrx_word' id='word_1_108' title='bbox 385 1860 633 1911; x_wconf 86' lang='lat' dir='ltr'>circulis?</span> <span class='ocrx_word' id='word_1_109' title='bbox 695 1881 819 1912; x_wconf 88' lang='lat' dir='ltr'>num</span> <span class='ocrx_word' id='word_1_110' title='bbox 866 1865 914 1912; x_wconf 88' lang='lat' dir='ltr'>in</span> <span class='ocrx_word' id='word_1_111' title='bbox 965 1866 1209 1915; x_wconf 75' lang='lat' dir='ltr'>choreis?</span> <span class='ocrx_word' id='word_1_112' title='bbox 1269 1886 1395 1918; x_wconf 86' lang='lat' dir='ltr'>num</span> <span class='ocrx_word' id='word_1_113' title='bbox 1444 1869 1492 1917; x_wconf 89' lang='lat' dir='ltr'>in</span> <span class='ocrx_word' id='word_1_114' title='bbox 1536 1868 1632 1918; x_wconf 87' lang='lat' dir='ltr'>viis</span> <span class='ocrx_word' id='word_1_115' title='bbox 1674 1878 1766 1919; x_wconf 88' lang='lat' dir='ltr'>aut</span> 
     </span>
     <span class='ocr_line' id='line_1_19' title="bbox 382 1954 1762 2029; baseline 0.009 -25"><span class='ocrx_word' id='word_1_116' title='bbox 382 1954 498 2007; x_wconf 91' lang='lat' dir='ltr'>foro</span> <span class='ocrx_word' id='word_1_117' title='bbox 523 1955 539 2006; x_wconf 90' lang='lat'>?</span> <span class='ocrx_word' id='word_1_118' title='bbox 568 2001 572 2005; x_wconf 93' lang='lat'>.</span> <span class='ocrx_word' id='word_1_119' title='bbox 620 1959 821 2009; x_wconf 77' lang='lat' dir='ltr'>Audite</span> <span class='ocrx_word' id='word_1_120' title='bbox 842 1962 1011 2027; x_wconf 82' lang='lat' dir='ltr'>pueri,</span> <span class='ocrx_word' id='word_1_121' title='bbox 1049 1962 1135 2011; x_wconf 89' lang='lat' dir='ltr'>ubi</span> <span class='ocrx_word' id='word_1_122' title='bbox 1166 1978 1408 2029; x_wconf 70' lang='lat' dir='ltr'>repertus</span> <span class='ocrx_word' id='word_1_123' title='bbox 1436 1966 1545 2029; x_wconf 75' lang='lat' dir='ltr'>sit‡</span> <span class='ocrx_word' id='word_1_124' title='bbox 1575 1965 1762 2028; x_wconf 80' lang='lat' dir='ltr'>JESUS,</span> 
     </span>
     <span class='ocr_line' id='line_1_20' title="bbox 384 2048 1768 2130; baseline 0.009 -32"><span class='ocrx_word' id='word_1_125' title='bbox 384 2048 586 2100; x_wconf 86' lang='lat' dir='ltr'>relictis</span> <span class='ocrx_word' id='word_1_126' title='bbox 628 2053 936 2120; x_wconf 76' lang='lat' dir='ltr'>parentibus</span> <span class='ocrx_word' id='word_1_127' title='bbox 978 2056 1371 2124; x_wconf 73' lang='lat' dir='ltr'>quodammodo</span> <span class='ocrx_word' id='word_1_128' title='bbox 1397 2059 1670 2130; x_wconf 82' lang='lat' dir='ltr'>fugitivuS,</span> <span class='ocrx_word' id='word_1_129' title='bbox 1711 2070 1768 2111; x_wconf 86' lang='lat' dir='ltr'>et</span> 
     </span>
     <span class='ocr_line' id='line_1_21' title="bbox 384 2143 1764 2224; baseline 0.008 -31"><span class='ocrx_word' id='word_1_130' title='bbox 384 2143 477 2194; x_wconf 89' lang='lat' dir='ltr'>ubi</span> <span class='ocrx_word' id='word_1_131' title='bbox 528 2163 618 2195; x_wconf 90' lang='lat' dir='ltr'>vos</span> <span class='ocrx_word' id='word_1_132' title='bbox 673 2148 865 2198; x_wconf 67' lang='lat' dir='ltr'>versari</span> <span class='ocrx_word' id='word_1_133' title='bbox 913 2152 1198 2203; x_wconf 89' lang='lat' dir='ltr'>conveniat</span> <span class='ocrx_word' id='word_1_134' title='bbox 1249 2153 1563 2224; x_wconf 82' lang='lat' dir='ltr'>intelligetis</span> <span class='ocrx_word' id='word_1_135' title='bbox 1592 2173 1603 2204; x_wconf 92' lang='lat'>:</span> <span class='ocrx_word' id='word_1_136' title='bbox 1701 2155 1764 2204; x_wconf 89' lang='lat' dir='ltr'>In</span> 
     </span>
     <span class='ocr_line' id='line_1_22' title="bbox 382 2239 1763 2311; baseline 0.009 -22"><span class='ocrx_word' id='word_1_137' title='bbox 382 2239 634 2309; x_wconf 81' lang='lat' dir='ltr'>Templo,</span> <span class='ocrx_word' id='word_1_138' title='bbox 666 2244 901 2311; x_wconf 78' lang='lat' dir='ltr'>inquam,</span> <span class='ocrx_word' id='word_1_139' title='bbox 935 2245 1176 2298; x_wconf 80' lang='lat' dir='ltr'>iuventus</span> <span class='ocrx_word' id='word_1_140' title='bbox 1203 2261 1301 2311; x_wconf 80' lang='lat' dir='ltr'>est,</span> <span class='ocrx_word' id='word_1_141' title='bbox 1333 2250 1381 2298; x_wconf 87' lang='lat' dir='ltr'>iu</span> <span class='ocrx_word' id='word_1_142' title='bbox 1415 2250 1590 2300; x_wconf 83' lang='lat' dir='ltr'>medio</span> <span class='ocrx_word' id='word_1_143' title='bbox 1618 2251 1763 2301; x_wconf 91' lang='lat' dir='ltr'>Doc-</span> 
     </span>
     <span class='ocr_line' id='line_1_23' title="bbox 382 2336 1767 2404; baseline 0.008 -19"><span class='ocrx_word' id='word_1_144' title='bbox 382 2344 552 2386; x_wconf 85' lang='lat' dir='ltr'>torum</span> <span class='ocrx_word' id='word_1_145' title='bbox 584 2336 794 2400; x_wconf 74' lang='lat' dir='ltr'>sedens,</span> <span class='ocrx_word' id='word_1_146' title='bbox 840 2340 1059 2390; x_wconf 84' lang='lat' dir='ltr'>audiens</span> <span class='ocrx_word' id='word_1_147' title='bbox 1089 2343 1220 2404; x_wconf 81' lang='lat' dir='ltr'>illos,</span> <span class='ocrx_word' id='word_1_148' title='bbox 1253 2364 1310 2393; x_wconf 82' lang='lat' dir='ltr'>ac</span> <span class='ocrx_word' id='word_1_149' title='bbox 1343 2346 1571 2395; x_wconf 69' lang='lat' dir='ltr'>vicissim</span> <span class='ocrx_word' id='word_1_150' title='bbox 1599 2345 1767 2396; x_wconf 88' lang='lat' dir='ltr'>inter-</span> 
     </span>
    </p>

    <p class='ocr_par' dir='ltr' id='par_1_7' title="bbox 90 2433 1765 2501">
     <span class='ocr_line' id='line_1_24' title="bbox 90 2433 1765 2501; baseline 0.007 -23"><span class='ocrx_word' id='word_1_151' title='bbox 90 2452 346 2492; x_wconf 75' lang='lat' dir='ltr'>Quaedoceat</span> <span class='ocrx_word' id='word_1_152' title='bbox 384 2448 590 2501; x_wconf 76' lang='lat' dir='ltr'>rogans,</span> <span class='ocrx_word' id='word_1_153' title='bbox 675 2433 818 2489; x_wconf 73' lang='lat' dir='ltr'>Quid</span> <span class='ocrx_word' id='word_1_154' title='bbox 851 2434 1037 2486; x_wconf 90' lang='lat' dir='ltr'>docuit</span> <span class='ocrx_word' id='word_1_155' title='bbox 1068 2456 1159 2488; x_wconf 77' lang='lat' dir='ltr'>nos</span> <span class='ocrx_word' id='word_1_156' title='bbox 1185 2440 1354 2490; x_wconf 73' lang='lat' dir='ltr'>JESUS</span> <span class='ocrx_word' id='word_1_157' title='bbox 1396 2440 1473 2489; x_wconf 82' lang='lat' dir='ltr'>his</span> <span class='ocrx_word' id='word_1_158' title='bbox 1519 2453 1624 2490; x_wconf 90' lang='lat' dir='ltr'>tam</span> <span class='ocrx_word' id='word_1_159' title='bbox 1671 2438 1765 2490; x_wconf 89' lang='lat' dir='ltr'>ad-</span> 
     </span>
    </p>
   </div>
   <div class='ocr_carea' id='block_1_7' title="bbox 90 2508 1765 2604">
    <p class='ocr_par' dir='ltr' id='par_1_8' title="bbox 90 2508 1765 2604">
     <span class='ocr_line' id='line_1_25' title="bbox 90 2508 1765 2604; baseline 0.015 -40"><span class='ocrx_word' id='word_1_160' title='bbox 90 2508 301 2545; x_wconf 71' lang='lat' dir='ltr'>cflmsws.</span> <span class='ocrx_word' id='word_1_161' title='bbox 385 2526 637 2577; x_wconf 85' lang='lat' dir='ltr'>mirandis</span> <span class='ocrx_word' id='word_1_162' title='bbox 666 2528 857 2580; x_wconf 83' lang='lat' dir='ltr'>factis?</span> <span class='ocrx_word' id='word_1_163' title='bbox 901 2532 1025 2582; x_wconf 91' lang='lat' dir='ltr'>Non</span> <span class='ocrx_word' id='word_1_164' title='bbox 1057 2533 1276 2585; x_wconf 83' lang='lat' dir='ltr'>dubium</span> <span class='ocrx_word' id='word_1_165' title='bbox 1308 2536 1434 2604; x_wconf 91' lang='lat' dir='ltr'>quin</span> <span class='ocrx_word' id='word_1_166' title='bbox 1471 2553 1578 2586; x_wconf 89' lang='lat' dir='ltr'>rem</span> <span class='ocrx_word' id='word_1_167' title='bbox 1616 2553 1765 2603; x_wconf 83' lang='lat' dir='ltr'>mag-</span> 
     </span>
    </p>
   </div>
   <div class='ocr_carea' id='block_1_8' title="bbox 439 2665 1083 2712">
    <p class='ocr_par' dir='ltr' id='par_1_9' title="bbox 439 2665 1083 2712">
     <span class='ocr_line' id='line_1_26' title="bbox 439 2665 1083 2712; baseline 0.011 -13"><span class='ocrx_word' id='word_1_168' title='bbox 439 2667 465 2693; x_wconf 62' lang='lat'>2&#39;2‘·</span> <span class='ocrx_word' id='word_1_169' title='bbox 496 2667 723 2703; x_wconf 76' lang='lat' dir='ltr'>ea—(leesc</span> <span class='ocrx_word' id='word_1_170' title='bbox 741 2665 849 2704; x_wconf 76' lang='lat' dir='ltr'>Frob.</span> <span class='ocrx_word' id='word_1_171' title='bbox 880 2667 989 2710; x_wconf 72' lang='lat'>1540,</span> <span class='ocrx_word' id='word_1_172' title='bbox 1010 2669 1083 2712; x_wconf 87' lang='lat' dir='ltr'>sol.</span> 
     </span>
    </p>
   </div>
   <div class='ocr_carea' id='block_1_9' title="bbox 439 2738 1567 2792">
    <p class='ocr_par' dir='ltr' id='par_1_10' title="bbox 439 2738 1567 2792">
     <span class='ocr_line' id='line_1_27' title="bbox 439 2738 1567 2792; baseline 0.007 -18"><span class='ocrx_word' id='word_1_173' title='bbox 439 2740 465 2786; x_wconf 85' lang='lat'><em>†</em></span> <span class='ocrx_word' id='word_1_174' title='bbox 496 2738 678 2775; x_wconf 67' lang='lat' dir='ltr'>inventus</span> <span class='ocrx_word' id='word_1_175' title='bbox 699 2740 915 2778; x_wconf 82' lang='lat' dir='ltr'>est—Vita</span> <span class='ocrx_word' id='word_1_176' title='bbox 939 2739 1070 2780; x_wconf 82' lang='lat' dir='ltr'>Coleti.</span> <span class='ocrx_word' id='word_1_177' title='bbox 1288 2747 1310 2792; x_wconf 61' lang='grc' dir='ltr'>ζ</span> <span class='ocrx_word' id='word_1_178' title='bbox 1340 2749 1398 2781; x_wconf 87' lang='lat' dir='ltr'>est</span> <span class='ocrx_word' id='word_1_179' title='bbox 1414 2766 1467 2773; x_wconf 93' lang='lat'><strong>—</strong></span> <span class='ocrx_word' id='word_1_180' title='bbox 1483 2743 1567 2784; x_wconf 79' lang='lat' dir='ltr'>ibid.</span> 
     </span>
    </p>
   </div>
  </div>
 </body>
</html>
