1989 3288
647 288 719 324 DE
761 288 954 325 PVERO
995 288 1137 325 IESV.

197 425 399 478 audite.
496 426 643 484 Quid
701 445 854 497 aeque
902 426 1270 491 reverendum,
1334 438 1495 497 atque
1541 428 1584 478 is

194 521 353 592 cujus
393 521 566 573 oculis
615 523 909 591 perspicua
959 535 1082 573 sunt
1134 522 1350 574 omnia?
1434 522 1586 579 Quid

197 616 422 687 perinde
450 615 848 668 formidandum
874 630 1036 688 atque
1063 617 1172 684 ille,
1202 620 1294 688 qui
1314 616 1425 670 solo
1451 629 1582 670 nutu

199 724 380 781 potest
400 728 455 764 et
472 698 703 764 animam
726 725 783 765 et
802 731 996 782 corpus
1019 715 1069 764 in
1087 715 1311 765 Tartara
1331 713 1582 764 mittere?

201 808 352 866 Quid
389 820 570 860 autem
612 809 896 860 formosius
938 827 1024 873 eo,
1068 808 1220 879 cujus
1261 809 1466 861 vultum
1501 810 1584 860 iu-

198 906 337 957 tueri
362 924 569 956 summa
596 917 676 956 est
702 905 933 957 felicitas
958 904 973 955 ?
1055 905 1310 974 Denique
1335 905 1377 954 si
1407 905 1586 956 multis

195 1000 432 1070 pretium
462 999 661 1052 addit*
689 1000 998 1071 antiquitaS,
1025 999 1151 1069 quid
1177 998 1269 1050 illo
1292 999 1581 1068 antiquius,

195 1095 288 1166 qui
325 1113 424 1146 nec
468 1096 683 1147 initium
731 1096 910 1161 habet,
956 1113 1058 1146 nec
1105 1095 1267 1146 finem
1313 1106 1393 1144 est
1429 1095 1583 1146 habi-

199 1190 388 1242 turus?

274 1286 384 1338 Sed
432 1287 654 1338 fortasse
707 1285 876 1356 magis
924 1286 1260 1350 convenerit,
1326 1298 1384 1339 ut
1429 1289 1585 1358 pueri

197 1382 434 1434 Puerum
460 1382 804 1445 admiremur,
847 1381 1290 1452 quandoquidem
1324 1383 1410 1435 hic
1448 1403 1584 1454 quo-

196 1495 305 1548 que
354 1477 657 1548 stupendus
708 1477 959 1543 occurrit,
1022 1496 1196 1548 usque
1245 1477 1382 1531 adeo
1437 1480 1581 1550 quod

195 1572 339 1625 illius
366 1586 448 1626 est
476 1575 740 1639 infimum,
781 1573 1061 1625 sublimius
1094 1586 1175 1626 est
1212 1575 1272 1625 iis
1307 1594 1426 1645 quae
1459 1590 1584 1628 sunt

197 1667 343 1738 apud
395 1670 639 1720 homines
690 1668 1071 1721 excelsissima.
1169 1670 1421 1726 Quantus
1471 1686 1585 1724 erat

196 1762 306 1829 ille,
349 1782 511 1834 quem
539 1765 863 1817 infantulum
891 1766 1218 1836 vagientem,
1263 1785 1581 1835 pannosum,

194 1857 469 1930 abjectum
503 1861 554 1911 in
591 1878 856 1929 praesepe,
899 1872 1078 1913 tamen
1119 1860 1336 1912 coelitus
1383 1876 1587 1914 canunt

195 1956 416 2027 Angeli,
487 1955 710 2008 adorant
756 1958 1021 2023 PastoreS,
1089 1956 1276 2008 adorat
1345 1969 1402 2009 et
1463 1977 1582 2029 quae

196 2052 407 2122 genuit,
449 2064 756 2123 agnoscunt
802 2053 960 2103 bruta
1004 2052 1312 2117 animantia,
1375 2053 1583 2105 indicat

197 2146 385 2211 Stella,
427 2159 752 2200 venerantur
773 2147 943 2217 Magi,
987 2148 1142 2199 timet
1170 2148 1289 2198 Rex
1317 2149 1581 2215 HerodeS,

196 2241 433 2311 trepidat
459 2244 630 2294 omnis
655 2242 1049 2314 Hierosolyma,
1093 2255 1311 2294 sanctus
1337 2243 1580 2314 amplec-

196 2336 328 2388 titur
351 2339 591 2403 Simeon,
634 2342 956 2392 vaticinatur
982 2339 1158 2403 Anna,
1198 2345 1303 2399 et†
1342 2339 1395 2390 in
1428 2358 1582 2409 spem

195 2431 379 2485 salutis
398 2437 681 2504 eriguntur
698 2435 800 2506 pii!
836 2437 885 2488 O
903 2437 1157 2488 humilem
1180 2435 1579 2502 sublimitatem,

197 2540 253 2580 et
278 2528 563 2581 sublimem
590 2531 946 2584 humilitatem
971 2530 981 2583 l
1069 2533 1122 2582 Si
1149 2550 1282 2582 nova
1309 2532 1580 2597 miramur,

251 2682 275 2705 ὓ
305 2681 496 2718 reddit-
511 2681 619 2720 Frob.
644 2689 680 2720 et
700 2682 802 2721 Cera.
832 2685 948 2722 1519.

253 2751 277 2790 †
309 2756 348 2789 et
363 2754 525 2791 —deest
545 2755 653 2795 ΕΟΖ).
671 2762 706 2793 el
726 2755 832 2795 Cesv.
857 2758 970 2802 1519,
1002 2763 1038 2794 et
1056 2756 1165 2796 Fsob.
1194 2757 1306 2803 1540,
1336 2757 1388 2795 8⁰.
