1989 3288
135 255 191 297 18

132 558 305 594 Pueritia

129 622 229 647 nova
249 618 287 648 et

130 664 362 702 Christiana.

133 2331 172 2366 ln
198 2329 329 2376 pueris

131 2386 265 2420 nativa

133 2437 298 2474 bonitas.

1002 268 1217 307 CONCIO

424 407 672 476 pubereS,
700 407 886 457 vitiosa
914 408 1106 458 astutia
1131 426 1282 460 senes
1312 420 1449 459 sunt.
1518 410 1610 460 Est
1636 409 1801 480 igitur

425 519 617 552 novum
684 502 950 571 quoddam
1016 504 1260 571 pueritiae
1327 521 1497 572 genus
1561 505 1703 573 quod
1771 505 1801 555 a

425 597 678 648 CHRISTO
704 597 972 664 probatur,
1004 598 1234 664 pueritia
1262 599 1390 648 citra
1419 598 1798 666 puerilitatem,

422 708 476 742 et
502 693 719 742 omnino
751 692 929 741 senilis
968 692 1212 761 quaedam
1254 693 1499 759 pueritia,
1544 712 1663 761 quae
1692 712 1799 744 non

423 805 677 838 annorum
703 806 924 837 numero
953 800 1173 852 constat,
1219 787 1310 839 sed
1340 788 1667 851 innocentia,
1707 788 1799 840 sed

423 884 623 953 ingenii
666 885 1024 952 simplicitate.
1106 888 1191 934 An
1242 902 1343 934 non
1392 884 1446 934 id
1495 883 1669 951 palam
1718 886 1801 935 in-

425 977 568 1028 dicat
620 979 827 1043 PetruS,
897 998 1017 1029 cum
1071 980 1172 1029 ait:
1237 980 1590 1047 Deponentes
1642 979 1805 1049 igitur

425 1090 636 1123 omnem
675 1073 944 1137 malitiam,
990 1087 1044 1124 et
1073 1092 1282 1124 omnem
1313 1073 1513 1138 dolum,
1557 1086 1611 1124 et
1639 1075 1804 1125 simu-

423 1167 665 1231 lationes,
728 1184 782 1219 et
826 1169 1063 1232 invidias,
1123 1183 1174 1219 et
1223 1170 1598 1232 detractiones,
1664 1169 1803 1220 sicut

424 1262 581 1313 niodo
610 1265 776 1332 geniti
806 1264 1052 1328 infantes,
1095 1265 1417 1329 rationale'ss,
1461 1279 1515 1316 et
1544 1266 1659 1317 sine
1681 1265 1804 1317 dolo

423 1356 506 1407 lac
534 1359 918 1427 concupiscite,
950 1374 1004 1409 ut
1032 1360 1083 1409 in
1116 1379 1179 1410 eo
1208 1362 1461 1411 crescatis
1484 1363 1533 1410 iu
1559 1360 1802 1412 salutem.

426 1451 539 1502 Cui·
556 1452 761 1503 addidit
783 1453 1117 1505 rationale*?
1162 1474 1376 1525 nempe,
1408 1468 1465 1507 ut
1488 1456 1807 1508 excluderet

426 1546 722 1612 stultitiam,
767 1568 885 1619 quae
928 1550 1083 1621 hujus
1129 1551 1286 1612 fere†
1331 1555 1500 1604 aetatis
1529 1555 1807 1605 consuevit

426 1660 542 1693 esse
584 1661 778 1694 comes.
874 1646 985 1696 Cui·
1026 1647 1256 1698 detrahit
1293 1648 1528 1712 invidias,
1589 1648 1806 1700 simula·

427 1738 617 1802 tiones,
663 1759 722 1790 ac
762 1740 963 1810 reliqua
991 1742 1044 1792 id
1074 1761 1245 1812 genus
1274 1745 1415 1807 vitia,
1461 1764 1580 1815 quae
1617 1763 1804 1795 senum

427 1844 549 1884 sunt
587 1837 734 1905 quasi
763 1837 1094 1904 peculiaria?
1141 1840 1406 1903 nimirum,
1445 1852 1504 1891 ut
1532 1841 1805 1913 intellige-

427 1946 620 1994 remuS,
668 1932 909 1983 CHRISTI
939 1953 1133 2002 pueros
1176 1935 1515 2004 simplicitate
1554 1954 1615 1986 ac
1659 1936 1806 2006 puri-

428 2035 535 2075 tate
587 2027 852 2091 oestimari,
915 2047 1020 2079 non
1076 2030 1353 2081 natalibus.
1432 2029 1519 2080 Ad
1571 2030 1807 2082 eundem

427 2118 643 2170 modum
697 2132 752 2171 et
792 2122 1005 2187 Paulus,
1066 2125 1292 2189 Malitia,
1350 2126 1545 2194 inquit,
1599 2125 1807 2194 parvuli

427 2225 618 2277 estote,
667 2218 905 2268 sensibus
943 2232 1121 2270 autern
1157 2220 1397 2290 perfecti.
1479 2221 1807 2292 Quanquam

428 2320 509 2358 est
559 2313 776 2363 omnino
822 2313 875 2363 in
926 2314 1041 2382 ipsa
1088 2334 1379 2384 puerorum
1426 2328 1583 2367 aetate
1631 2317 1809 2367 nativa
1866 2341 1880 2356 ·

428 2405 670 2473 quaedam
701 2408 922 2474 bonitaS,
965 2416 1060 2476 et‡
1094 2411 1242 2462 velut
1268 2413 1452 2462 umbra
1476 2412 1718 2482 quaedam
1747 2431 1807 2462 ac

479 2552 508 2581 ’l‘
539 2551 956 2589 rationabile—Frob.
978 2559 1013 2590 et
1034 2551 1135 2590 Cerv.
1164 2553 1277 2596 1519,
1307 2558 1341 2589 et
1363 2552 1475 2591 Frob·
1503 2554 1613 2597 1540,
1644 2554 1702 2592 8⁰.

477 2626 505 2673 †
536 2625 626 2662 vere
641 2624 812 2662 —Frob.
834 2630 868 2662 et
889 2624 991 2662 Cet-v.
1016 2626 1127 2662 1519.

475 2694 497 2748 ἶ
528 2694 759 2735 ae-Frob,
780 2703 816 2735 et
837 2696 945 2734 (ἵει-υ.
973 2698 1084 2739 1519,
1114 2704 1149 2735 et
1170 2697 1277 2737 Frob.
1303 2700 1414 2744 1540,
1446 2701 1502 2736 80.
