1989 3288
618 301 692 343 DE
733 299 921 344 PVERO
963 300 1106 336 IESV.

170 443 286 513 quis
316 455 393 494 tot
414 453 521 494 tam
550 445 749 494 teneris
776 444 1099 515 virgunculis
1128 456 1234 496 tam
1262 445 1551 496 masculam

170 547 333 607 atque
383 538 636 588 invictam
688 539 936 591 virtutem
991 539 1176 591 dedit?
1277 539 1549 603 Profecto,

170 652 274 684 non
306 645 510 697 natura,
543 634 634 684 sed
663 634 850 704 gratia,
894 651 949 685 et
971 635 1061 685 ubi
1091 635 1262 686 minus
1290 636 1551 687 succurrit
1593 647 1668 684 Ubi
1691 647 1821 687 minus

168 741 369 791 natura,
430 728 502 778 ibi
542 729 833 779 mirabilius
870 740 1125 798 operatur
1162 730 1345 800 gratia.
1433 731 1546 781 Hac

167 824 332 895 igitur
356 823 494 887 freti,
538 843 730 895 magno
758 824 933 874 animo
982 823 1214 875 studium
1258 822 1547 876 aemulandi

165 937 394 990 puerum
415 922 604 972 JESUM
632 938 987 988 capessamuS,
1020 938 1120 971 nec
1150 939 1387 989 unquam
1416 938 1545 972 ocu-

166 1016 243 1068 los
276 1016 342 1067 ab
377 1033 443 1067 eo
476 1017 621 1067 velut
647 1018 677 1067 a
715 1033 878 1084 scopo
919 1015 1289 1067 deflectamus.
1369 1016 1545 1068 Abso-

162 1111 335 1163 lutum
402 1111 681 1180 exemplar
738 1110 1016 1174 habemus,
1087 1110 1217 1161 nihil
1270 1122 1350 1162 est
1402 1110 1544 1181 quod

161 1206 380 1259 aliunde
429 1221 617 1276 petere
662 1217 922 1274 oporteat.
1004 1207 1193 1257 Omnis
1240 1206 1376 1257 illius
1417 1207 1543 1269 vita,

162 1301 294 1372 quid
336 1321 432 1353 nos
475 1302 625 1371 sequi
670 1301 980 1363 debeamus,
1040 1300 1289 1351 clamitat.
1393 1301 1543 1358 Quid

160 1408 339 1448 autem
383 1396 566 1447 docuit
599 1396 744 1447 Puer
779 1395 866 1447 ille
908 1397 1220 1465 purissimus
1259 1397 1325 1448 de
1367 1398 1539 1467 puris-

158 1492 290 1543 sima
336 1493 568 1561 Virgine
621 1502 793 1554 natus,
858 1491 956 1541 nisi
1008 1504 1066 1541 ut
1114 1510 1326 1543 omnem
1380 1491 1541 1562 hujus

163 1584 349 1638 mundi
397 1586 705 1654 spurcitiam
749 1598 802 1635 et
847 1585 1251 1654 inquinamenta
1291 1588 1537 1653 vitemus,

161 1693 323 1751 atque
354 1682 666 1751 Angelicam
693 1681 957 1750 quandam
989 1682 1149 1731 vitam
1167 1679 1280 1749 jam
1312 1701 1456 1733 nunc
1485 1684 1536 1733 in

157 1775 312 1826 terris
334 1776 673 1837 meditemur,
703 1775 805 1824 hoc
825 1789 922 1834 est,
950 1776 999 1825 id
1027 1795 1141 1827 esse
1162 1778 1468 1829 studeamus
1483 1781 1534 1841 ἦε,

158 1867 304 1939 quod
333 1869 438 1920 illic
480 1887 694 1938 semper
723 1889 902 1921 sumus
930 1871 1094 1922 futuri
1120 1873 1134 1923 ?
1217 1874 1383 1923 Porrb
1414 1874 1538 1942 Spi-

151 1965 285 2016 ritus
326 1966 465 2016 JEsU
512 1984 636 2016 cum
687 1984 872 2015 omnes
914 1965 1094 2018 sordes
1136 1982 1421 2031 aversatur,
1479 1980 1536 2020 et

151 2059 280 2126 odit,
325 2073 438 2112 tum
470 2063 738 2130 praecipue
769 2061 1060 2113 belluinam
1089 2062 1249 2128 illam,
1293 2078 1346 2114 et
1383 2083 1531 2132 pror·

149 2175 236 2208 sus
263 2156 478 2209 homine
503 2157 775 2228 indignam
803 2156 1096 2209 libidinem.
1176 2158 1321 2214 Quid
1351 2173 1526 2209 auten]

150 2250 338 2304 docuit
381 2271 492 2316 nos,
555 2265 706 2304 natus
749 2270 995 2323 peregre,
1046 2251 1223 2304 editus
1266 2254 1318 2304 in
1369 2267 1531 2324 tugu-

146 2345 298 2409 riolo,
338 2345 580 2415 abjectus
615 2349 666 2397 in
707 2365 969 2417 praesepe,
1014 2350 1204 2417 pannis
1245 2349 1527 2416 involutuS,

151 2440 255 2492 nisi
300 2452 360 2491 ut
406 2459 620 2510 semper
666 2444 1063 2494 meminerimus
1113 2462 1205 2494 nos
1252 2444 1337 2494 hic
1389 2463 1526 2513 pau-

148 2554 335 2587 corum
377 2534 582 2587 dierum
626 2540 861 2605 hospites
905 2557 1040 2601 esse,
1099 2553 1264 2608 utque
1311 2541 1528 2591 calcatis

144 2631 354 2700 opibus,
412 2632 605 2700 spretis
649 2633 836 2683 mundi
876 2633 1020 2684 falsis
1062 2634 1370 2699 honoribus,
1427 2652 1527 2703 per

231 2774 258 2804 'l‘
287 2773 526 2812 meditemur
539 2773 698 2812 —Frob.
722 2781 756 2812 et
779 2773 886 2812 Cerv.
915 2775 1027 2819 1519,
1058 2782 1094 2813 et
1114 2774 1223 2815 Frab.
1250 2777 1363 2818 1540.
1393 2778 1446 2815 3⁰.

1592 707 1750 747 natura,
1770 703 1823 739 ibi

1589 754 1812 792 mirabilius

1587 809 1716 854 gratia
1744 820 1839 857 ope-

1584 868 1706 898 ratur.

1576 2072 1790 2109 Libidinem

1573 2126 1657 2162 odit
1672 2128 1802 2163 JESUS.

1569 2271 1669 2308 Tota
1689 2272 1772 2309 vita

1569 2337 1638 2362 nos
1658 2325 1806 2364 docuit.
